%YAML 1.1
%TAG !u! tag:unity3d.com,2011:
--- !u!1 &1434744131360881286
GameObject:
  m_ObjectHideFlags: 0
  m_CorrespondingSourceObject: {fileID: 0}
  m_PrefabInstance: {fileID: 0}
  m_PrefabAsset: {fileID: 0}
  serializedVersion: 6
  m_Component:
  - component: {fileID: 5595130203925112423}
  m_Layer: 0
  m_Name: shootsystem
  m_TagString: Untagged
  m_Icon: {fileID: 0}
  m_NavMeshLayer: 0
  m_StaticEditorFlags: 0
  m_IsActive: 1
--- !u!4 &5595130203925112423
Transform:
  m_ObjectHideFlags: 0
  m_CorrespondingSourceObject: {fileID: 0}
  m_PrefabInstance: {fileID: 0}
  m_PrefabAsset: {fileID: 0}
  m_GameObject: {fileID: 1434744131360881286}
  m_LocalRotation: {x: -0.23852445, y: 0.66566235, z: 0.000000108875405, w: 0.7071066}
  m_LocalPosition: {x: 0.0016817458, y: -0.004695323, z: -0.013330503}
  m_LocalScale: {x: 1, y: 1, z: 1.0000001}
  m_ConstrainProportionsScale: 0
  m_Children: []
  m_Father: {fileID: 7108524644842323138}
  m_RootOrder: 2
  m_LocalEulerAnglesHint: {x: 0, y: 0, z: 0}
--- !u!1 &2135609309933013692
GameObject:
  m_ObjectHideFlags: 0
  m_CorrespondingSourceObject: {fileID: 0}
  m_PrefabInstance: {fileID: 0}
  m_PrefabAsset: {fileID: 0}
  serializedVersion: 6
  m_Component:
  - component: {fileID: 7108524644842323138}
  m_Layer: 0
  m_Name: base
  m_TagString: Untagged
  m_Icon: {fileID: 0}
  m_NavMeshLayer: 0
  m_StaticEditorFlags: 0
  m_IsActive: 1
--- !u!4 &7108524644842323138
Transform:
  m_ObjectHideFlags: 0
  m_CorrespondingSourceObject: {fileID: 0}
  m_PrefabInstance: {fileID: 0}
  m_PrefabAsset: {fileID: 0}
  m_GameObject: {fileID: 2135609309933013692}
  m_LocalRotation: {x: 0.668662, y: -0.47069433, z: -0.47069454, w: 0.3313376}
  m_LocalPosition: {x: -0.014243456, y: -0.000000665026, z: 0.00019413292}
  m_LocalScale: {x: 0.9999999, y: 0.9999998, z: 0.9999999}
  m_ConstrainProportionsScale: 0
  m_Children:
  - {fileID: 1238444034358390937}
  - {fileID: 4550210086658462653}
  - {fileID: 5595130203925112423}
  m_Father: {fileID: 3045342373893230495}
  m_RootOrder: 0
  m_LocalEulerAnglesHint: {x: 0, y: 0, z: 0}
--- !u!1 &3520953525904246229
GameObject:
  m_ObjectHideFlags: 0
  m_CorrespondingSourceObject: {fileID: 0}
  m_PrefabInstance: {fileID: 0}
  m_PrefabAsset: {fileID: 0}
  serializedVersion: 6
  m_Component:
  - component: {fileID: 3045342373893230495}
  m_Layer: 0
  m_Name: Armature
  m_TagString: Untagged
  m_Icon: {fileID: 0}
  m_NavMeshLayer: 0
  m_StaticEditorFlags: 0
  m_IsActive: 1
--- !u!4 &3045342373893230495
Transform:
  m_ObjectHideFlags: 0
  m_CorrespondingSourceObject: {fileID: 0}
  m_PrefabInstance: {fileID: 0}
  m_PrefabAsset: {fileID: 0}
  m_GameObject: {fileID: 3520953525904246229}
  m_LocalRotation: {x: -0.5782137, y: -0.4070245, z: 0.40702444, w: 0.57821375}
  m_LocalPosition: {x: 3.0145106, y: 2.5956764, z: -0.00012899564}
  m_LocalScale: {x: 194.5327, y: 194.53271, z: 194.5327}
  m_ConstrainProportionsScale: 0
  m_Children:
  - {fileID: 7108524644842323138}
  m_Father: {fileID: 6265614925435117313}
  m_RootOrder: 0
  m_LocalEulerAnglesHint: {x: 0, y: 0, z: 0}
--- !u!1 &4295480174261709218
GameObject:
  m_ObjectHideFlags: 0
  m_CorrespondingSourceObject: {fileID: 0}
  m_PrefabInstance: {fileID: 0}
  m_PrefabAsset: {fileID: 0}
  serializedVersion: 6
  m_Component:
  - component: {fileID: 6350171474193140652}
  - component: {fileID: 7529953532093542336}
  m_Layer: 0
  m_Name: Balista_mesh
  m_TagString: Untagged
  m_Icon: {fileID: 0}
  m_NavMeshLayer: 0
  m_StaticEditorFlags: 0
  m_IsActive: 1
--- !u!4 &6350171474193140652
Transform:
  m_ObjectHideFlags: 0
  m_CorrespondingSourceObject: {fileID: 0}
  m_PrefabInstance: {fileID: 0}
  m_PrefabAsset: {fileID: 0}
  m_GameObject: {fileID: 4295480174261709218}
  m_LocalRotation: {x: 0.79825956, y: -0.60231364, z: -8.838103e-15, w: -1.5850418e-15}
  m_LocalPosition: {x: 4.2635183, y: 1.9543898, z: 0.000000014879806}
  m_LocalScale: {x: 0.99999994, y: 0.99999994, z: 1.0000002}
  m_ConstrainProportionsScale: 0
  m_Children: []
  m_Father: {fileID: 6265614925435117313}
  m_RootOrder: 1
  m_LocalEulerAnglesHint: {x: 0, y: 0, z: 0}
--- !u!137 &7529953532093542336
SkinnedMeshRenderer:
  m_ObjectHideFlags: 0
  m_CorrespondingSourceObject: {fileID: 0}
  m_PrefabInstance: {fileID: 0}
  m_PrefabAsset: {fileID: 0}
  m_GameObject: {fileID: 4295480174261709218}
  m_Enabled: 1
  m_CastShadows: 1
  m_ReceiveShadows: 1
  m_DynamicOccludee: 1
  m_StaticShadowCaster: 0
  m_MotionVectors: 1
  m_LightProbeUsage: 1
  m_ReflectionProbeUsage: 1
  m_RayTracingMode: 3
  m_RayTraceProcedural: 0
  m_RenderingLayerMask: 1
  m_RendererPriority: 0
  m_Materials:
  - {fileID: 2100000, guid: 61800cba336cc8a4681e5d1785fefc6b, type: 2}
  m_StaticBatchInfo:
    firstSubMesh: 0
    subMeshCount: 0
  m_StaticBatchRoot: {fileID: 0}
  m_ProbeAnchor: {fileID: 0}
  m_LightProbeVolumeOverride: {fileID: 0}
  m_ScaleInLightmap: 1
  m_ReceiveGI: 1
  m_PreserveUVs: 0
  m_IgnoreNormalsForChartDetection: 0
  m_ImportantGI: 0
  m_StitchLightmapSeams: 1
  m_SelectedEditorRenderState: 3
  m_MinimumChartSize: 4
  m_AutoUVMaxDistance: 0.5
  m_AutoUVMaxAngle: 89
  m_LightmapParameters: {fileID: 0}
  m_SortingLayerID: 0
  m_SortingLayer: 0
  m_SortingOrder: 0
  serializedVersion: 2
  m_Quality: 0
  m_UpdateWhenOffscreen: 0
  m_SkinnedMotionVectors: 1
  m_Mesh: {fileID: -5677629311409533737, guid: b9ebda33f70afe3418cbe51bc4755957, type: 3}
  m_Bones:
  - {fileID: 7108524644842323138}
  - {fileID: 5595130203925112423}
  - {fileID: 4550210086658462653}
  - {fileID: 1238444034358390937}
  m_BlendShapeWeights: []
  m_RootBone: {fileID: 7108524644842323138}
  m_AABB:
    m_Center: {x: -0.0032142624, y: 0.008504519, z: -0.014761387}
    m_Extent: {x: 0.028073065, y: 0.024190249, z: 0.014761412}
  m_DirtyAABB: 0
--- !u!1 &6753217182722835899
GameObject:
  m_ObjectHideFlags: 0
  m_CorrespondingSourceObject: {fileID: 0}
  m_PrefabInstance: {fileID: 0}
  m_PrefabAsset: {fileID: 0}
  serializedVersion: 6
  m_Component:
  - component: {fileID: 6265614925435117313}
  - component: {fileID: 5870819171963475782}
  - component: {fileID: 8127265219618944775}
  - component: {fileID: 549587697719606378}
  - component: {fileID: 986772174786585088}
  - component: {fileID: 2754237936248003702}
  m_Layer: 0
  m_Name: D_Ballista
  m_TagString: Untagged
  m_Icon: {fileID: 0}
  m_NavMeshLayer: 0
  m_StaticEditorFlags: 0
  m_IsActive: 1
--- !u!4 &6265614925435117313
Transform:
  m_ObjectHideFlags: 0
  m_CorrespondingSourceObject: {fileID: 0}
  m_PrefabInstance: {fileID: 0}
  m_PrefabAsset: {fileID: 0}
  m_GameObject: {fileID: 6753217182722835899}
  m_LocalRotation: {x: 0, y: -0.7071068, z: -0, w: 0.7071068}
  m_LocalPosition: {x: 0, y: 0, z: 0}
  m_LocalScale: {x: 1.5114623, y: 1.5114619, z: 1.5114623}
  m_ConstrainProportionsScale: 0
  m_Children:
  - {fileID: 3045342373893230495}
  - {fileID: 6350171474193140652}
  m_Father: {fileID: 0}
  m_RootOrder: 0
  m_LocalEulerAnglesHint: {x: 0, y: -90, z: 0}
--- !u!95 &5870819171963475782
Animator:
  serializedVersion: 4
  m_ObjectHideFlags: 0
  m_CorrespondingSourceObject: {fileID: 0}
  m_PrefabInstance: {fileID: 0}
  m_PrefabAsset: {fileID: 0}
  m_GameObject: {fileID: 6753217182722835899}
  m_Enabled: 1
  m_Avatar: {fileID: 0}
  m_Controller: {fileID: 9100000, guid: 4550ac4e7a804e84ba4718fee6bbff33, type: 2}
  m_CullingMode: 0
  m_UpdateMode: 0
  m_ApplyRootMotion: 0
  m_LinearVelocityBlending: 0
  m_StabilizeFeet: 0
  m_WarningMessage: 
  m_HasTransformHierarchy: 1
  m_AllowConstantClipSamplingOptimization: 1
  m_KeepAnimatorControllerStateOnDisable: 0
--- !u!65 &8127265219618944775
BoxCollider:
  m_ObjectHideFlags: 0
  m_CorrespondingSourceObject: {fileID: 0}
  m_PrefabInstance: {fileID: 0}
  m_PrefabAsset: {fileID: 0}
  m_GameObject: {fileID: 6753217182722835899}
  m_Material: {fileID: 0}
  m_IsTrigger: 0
  m_Enabled: 1
  serializedVersion: 2
  m_Size: {x: 7.379922, y: 6.446734, z: 9.134409}
  m_Center: {x: 0.83101445, y: 2.7233648, z: 0.029533416}
--- !u!114 &549587697719606378
MonoBehaviour:
  m_ObjectHideFlags: 0
  m_CorrespondingSourceObject: {fileID: 0}
  m_PrefabInstance: {fileID: 0}
  m_PrefabAsset: {fileID: 0}
  m_GameObject: {fileID: 6753217182722835899}
  m_Enabled: 1
  m_EditorHideFlags: 0
  m_Script: {fileID: 11500000, guid: 6dc6e89a6ca67b34fb314fa501bb5e49, type: 3}
  m_Name: 
  m_EditorClassIdentifier: 
  _lives: 0
  isAttacked: 0
  damage: 0
--- !u!114 &986772174786585088
MonoBehaviour:
  m_ObjectHideFlags: 0
  m_CorrespondingSourceObject: {fileID: 0}
  m_PrefabInstance: {fileID: 0}
  m_PrefabAsset: {fileID: 0}
  m_GameObject: {fileID: 6753217182722835899}
  m_Enabled: 1
  m_EditorHideFlags: 0
  m_Script: {fileID: 11500000, guid: c34a3b67e85e3b344a0b2a7df97b4d29, type: 3}
  m_Name: 
  m_EditorClassIdentifier: 
  _attackPower: 2
  _attackButton: {fileID: 0}
  clickedByFriend: 0
  canAct: 0
--- !u!114 &2754237936248003702
MonoBehaviour:
  m_ObjectHideFlags: 0
  m_CorrespondingSourceObject: {fileID: 0}
  m_PrefabInstance: {fileID: 0}
  m_PrefabAsset: {fileID: 0}
  m_GameObject: {fileID: 6753217182722835899}
  m_Enabled: 1
  m_EditorHideFlags: 0
  m_Script: {fileID: -1552182283, guid: e725a070cec140c4caffb81624c8c787, type: 3}
  m_Name: 
  m_EditorClassIdentifier: 
  ObjectInterest: 1
  DefaultInterestGroups: []
  DestroyWhenStateAuthorityLeaves: 0
  AllowStateAuthorityOverride: 1
  AoiPositionSource: {fileID: 0}
  Flags: 2305
  NetworkGuid:
    RawGuidValue: 5a3c390fa93f6544bacbcccba86d216f
  NestedObjects: []
  NetworkedBehaviours: []
  SimulationBehaviours: []
--- !u!1 &7268257439786873935
GameObject:
  m_ObjectHideFlags: 0
  m_CorrespondingSourceObject: {fileID: 0}
  m_PrefabInstance: {fileID: 0}
  m_PrefabAsset: {fileID: 0}
  serializedVersion: 6
  m_Component:
  - component: {fileID: 4550210086658462653}
  m_Layer: 0
  m_Name: handle
  m_TagString: Untagged
  m_Icon: {fileID: 0}
  m_NavMeshLayer: 0
  m_StaticEditorFlags: 0
  m_IsActive: 1
--- !u!4 &4550210086658462653
Transform:
  m_ObjectHideFlags: 0
  m_CorrespondingSourceObject: {fileID: 0}
  m_PrefabInstance: {fileID: 0}
  m_PrefabAsset: {fileID: 0}
  m_GameObject: {fileID: 7268257439786873935}
  m_LocalRotation: {x: -0.33133915, y: -0.47069323, z: -0.47069526, w: 0.66866153}
  m_LocalPosition: {x: 0.010067192, y: -0.0085109, z: -0.010046599}
  m_LocalScale: {x: 1.0000001, y: 0.99999994, z: 1.0000001}
  m_ConstrainProportionsScale: 0
  m_Children: []
  m_Father: {fileID: 7108524644842323138}
  m_RootOrder: 1
  m_LocalEulerAnglesHint: {x: 0, y: 0, z: 0}
--- !u!1 &8155299691851474564
GameObject:
  m_ObjectHideFlags: 0
  m_CorrespondingSourceObject: {fileID: 0}
  m_PrefabInstance: {fileID: 0}
  m_PrefabAsset: {fileID: 0}
  serializedVersion: 6
  m_Component:
  - component: {fileID: 1238444034358390937}
  m_Layer: 0
  m_Name: arrow
  m_TagString: Untagged
  m_Icon: {fileID: 0}
  m_NavMeshLayer: 0
  m_StaticEditorFlags: 0
  m_IsActive: 1
--- !u!4 &1238444034358390937
Transform:
  m_ObjectHideFlags: 0
  m_CorrespondingSourceObject: {fileID: 0}
  m_PrefabInstance: {fileID: 0}
  m_PrefabAsset: {fileID: 0}
  m_GameObject: {fileID: 8155299691851474564}
  m_LocalRotation: {x: -0.23852429, y: 0.66566205, z: 0.00000027704985, w: 0.70710695}
  m_LocalPosition: {x: -0.0054127937, y: 0.015103746, z: -0.02087938}
  m_LocalScale: {x: 1.0000002, y: 1.0000001, z: 1}
  m_ConstrainProportionsScale: 0
  m_Children: []
  m_Father: {fileID: 7108524644842323138}
  m_RootOrder: 0
  m_LocalEulerAnglesHint: {x: 0, y: 0, z: 0}
