%YAML 1.1
%TAG !u! tag:unity3d.com,2011:
--- !u!1 &1177177148103306483
GameObject:
  m_ObjectHideFlags: 0
  m_CorrespondingSourceObject: {fileID: 0}
  m_PrefabInstance: {fileID: 0}
  m_PrefabAsset: {fileID: 0}
  serializedVersion: 6
  m_Component:
  - component: {fileID: 8658225066497936067}
  m_Layer: 0
  m_Name: Farm
  m_TagString: Untagged
  m_Icon: {fileID: 0}
  m_NavMeshLayer: 0
  m_StaticEditorFlags: 0
  m_IsActive: 1
--- !u!4 &8658225066497936067
Transform:
  m_ObjectHideFlags: 0
  m_CorrespondingSourceObject: {fileID: 0}
  m_PrefabInstance: {fileID: 0}
  m_PrefabAsset: {fileID: 0}
  m_GameObject: {fileID: 1177177148103306483}
  m_LocalRotation: {x: -0, y: -0.70710576, z: -0, w: 0.70710784}
  m_LocalPosition: {x: 0, y: 0, z: 0}
  m_LocalScale: {x: 1, y: 1, z: 1}
  m_ConstrainProportionsScale: 0
  m_Children:
  - {fileID: 4932931070136224605}
  - {fileID: 4932931070224324325}
  - {fileID: 4932931071052868309}
  - {fileID: 4932931070049045214}
  - {fileID: 4932931070776060566}
  - {fileID: 4932931069497274560}
  - {fileID: 4932931070755671083}
  - {fileID: 4932931069999614039}
  - {fileID: 4932931070955333065}
  - {fileID: 4932931070200215719}
  - {fileID: 4932931070599641164}
  - {fileID: 4932931071344909448}
  - {fileID: 4932931070982411055}
  - {fileID: 4932931069987525998}
  - {fileID: 4932931069568046985}
  - {fileID: 4932931070177912487}
  - {fileID: 4932931071089199601}
  - {fileID: 4932931070490457609}
  - {fileID: 4932931069567855256}
  - {fileID: 4932931071026372114}
  - {fileID: 4932931069823953851}
  - {fileID: 4932931070649616246}
  - {fileID: 4932931069837630861}
  - {fileID: 2366155475168463672}
  - {fileID: 1952615390933552902}
  - {fileID: 7196660995193805398}
  - {fileID: 5635162239976842265}
  - {fileID: 5012801879123294683}
  - {fileID: 6781679041255105355}
  - {fileID: 4736089470152341599}
  - {fileID: 4476262887844189575}
  - {fileID: 8068695099258405636}
  m_Father: {fileID: 0}
  m_RootOrder: 0
  m_LocalEulerAnglesHint: {x: 0, y: -90, z: 0}
--- !u!1001 &2059178739101821165
PrefabInstance:
  m_ObjectHideFlags: 0
  serializedVersion: 2
  m_Modification:
    m_TransformParent: {fileID: 8658225066497936067}
    m_Modifications:
    - target: {fileID: -8679921383154817045, guid: f57338bfb7ae94141bdb806411e69443, type: 3}
      propertyPath: m_RootOrder
      value: 24
      objectReference: {fileID: 0}
    - target: {fileID: -8679921383154817045, guid: f57338bfb7ae94141bdb806411e69443, type: 3}
      propertyPath: m_LocalPosition.x
      value: 19.341148
      objectReference: {fileID: 0}
    - target: {fileID: -8679921383154817045, guid: f57338bfb7ae94141bdb806411e69443, type: 3}
      propertyPath: m_LocalPosition.y
      value: 2.58
      objectReference: {fileID: 0}
    - target: {fileID: -8679921383154817045, guid: f57338bfb7ae94141bdb806411e69443, type: 3}
      propertyPath: m_LocalPosition.z
      value: 3.9780579
      objectReference: {fileID: 0}
    - target: {fileID: -8679921383154817045, guid: f57338bfb7ae94141bdb806411e69443, type: 3}
      propertyPath: m_LocalRotation.w
      value: 0.7071059
      objectReference: {fileID: 0}
    - target: {fileID: -8679921383154817045, guid: f57338bfb7ae94141bdb806411e69443, type: 3}
      propertyPath: m_LocalRotation.x
      value: -8.6595626e-17
      objectReference: {fileID: 0}
    - target: {fileID: -8679921383154817045, guid: f57338bfb7ae94141bdb806411e69443, type: 3}
      propertyPath: m_LocalRotation.y
      value: 0.7071077
      objectReference: {fileID: 0}
    - target: {fileID: -8679921383154817045, guid: f57338bfb7ae94141bdb806411e69443, type: 3}
      propertyPath: m_LocalRotation.z
      value: 1.3400326e-22
      objectReference: {fileID: 0}
    - target: {fileID: -8679921383154817045, guid: f57338bfb7ae94141bdb806411e69443, type: 3}
      propertyPath: m_LocalEulerAnglesHint.x
      value: 0
      objectReference: {fileID: 0}
    - target: {fileID: -8679921383154817045, guid: f57338bfb7ae94141bdb806411e69443, type: 3}
      propertyPath: m_LocalEulerAnglesHint.y
      value: 90
      objectReference: {fileID: 0}
    - target: {fileID: -8679921383154817045, guid: f57338bfb7ae94141bdb806411e69443, type: 3}
      propertyPath: m_LocalEulerAnglesHint.z
      value: 0
      objectReference: {fileID: 0}
    - target: {fileID: 919132149155446097, guid: f57338bfb7ae94141bdb806411e69443, type: 3}
      propertyPath: m_Name
      value: Farm_Fence_half (20)
      objectReference: {fileID: 0}
    m_RemovedComponents: []
  m_SourcePrefab: {fileID: 100100000, guid: f57338bfb7ae94141bdb806411e69443, type: 3}
--- !u!4 &1952615390933552902 stripped
Transform:
  m_CorrespondingSourceObject: {fileID: -8679921383154817045, guid: f57338bfb7ae94141bdb806411e69443, type: 3}
  m_PrefabInstance: {fileID: 2059178739101821165}
  m_PrefabAsset: {fileID: 0}
--- !u!1001 &2836419643327802579
PrefabInstance:
  m_ObjectHideFlags: 0
  serializedVersion: 2
  m_Modification:
    m_TransformParent: {fileID: 8658225066497936067}
    m_Modifications:
    - target: {fileID: -8679921383154817045, guid: f57338bfb7ae94141bdb806411e69443, type: 3}
      propertyPath: m_RootOrder
      value: 23
      objectReference: {fileID: 0}
    - target: {fileID: -8679921383154817045, guid: f57338bfb7ae94141bdb806411e69443, type: 3}
      propertyPath: m_LocalPosition.x
      value: 19.341125
      objectReference: {fileID: 0}
    - target: {fileID: -8679921383154817045, guid: f57338bfb7ae94141bdb806411e69443, type: 3}
      propertyPath: m_LocalPosition.y
      value: 2.58
      objectReference: {fileID: 0}
    - target: {fileID: -8679921383154817045, guid: f57338bfb7ae94141bdb806411e69443, type: 3}
      propertyPath: m_LocalPosition.z
      value: -0.47192383
      objectReference: {fileID: 0}
    - target: {fileID: -8679921383154817045, guid: f57338bfb7ae94141bdb806411e69443, type: 3}
      propertyPath: m_LocalRotation.w
      value: 0.7071059
      objectReference: {fileID: 0}
    - target: {fileID: -8679921383154817045, guid: f57338bfb7ae94141bdb806411e69443, type: 3}
      propertyPath: m_LocalRotation.x
      value: -8.6595626e-17
      objectReference: {fileID: 0}
    - target: {fileID: -8679921383154817045, guid: f57338bfb7ae94141bdb806411e69443, type: 3}
      propertyPath: m_LocalRotation.y
      value: 0.7071077
      objectReference: {fileID: 0}
    - target: {fileID: -8679921383154817045, guid: f57338bfb7ae94141bdb806411e69443, type: 3}
      propertyPath: m_LocalRotation.z
      value: 1.3400326e-22
      objectReference: {fileID: 0}
    - target: {fileID: -8679921383154817045, guid: f57338bfb7ae94141bdb806411e69443, type: 3}
      propertyPath: m_LocalEulerAnglesHint.x
      value: 0
      objectReference: {fileID: 0}
    - target: {fileID: -8679921383154817045, guid: f57338bfb7ae94141bdb806411e69443, type: 3}
      propertyPath: m_LocalEulerAnglesHint.y
      value: 90
      objectReference: {fileID: 0}
    - target: {fileID: -8679921383154817045, guid: f57338bfb7ae94141bdb806411e69443, type: 3}
      propertyPath: m_LocalEulerAnglesHint.z
      value: 0
      objectReference: {fileID: 0}
    - target: {fileID: 919132149155446097, guid: f57338bfb7ae94141bdb806411e69443, type: 3}
      propertyPath: m_Name
      value: Farm_Fence_half (21)
      objectReference: {fileID: 0}
    m_RemovedComponents: []
  m_SourcePrefab: {fileID: 100100000, guid: f57338bfb7ae94141bdb806411e69443, type: 3}
--- !u!4 &2366155475168463672 stripped
Transform:
  m_CorrespondingSourceObject: {fileID: -8679921383154817045, guid: f57338bfb7ae94141bdb806411e69443, type: 3}
  m_PrefabInstance: {fileID: 2836419643327802579}
  m_PrefabAsset: {fileID: 0}
--- !u!1001 &4149038034694369900
PrefabInstance:
  m_ObjectHideFlags: 0
  serializedVersion: 2
  m_Modification:
    m_TransformParent: {fileID: 8658225066497936067}
    m_Modifications:
    - target: {fileID: -8679921383154817045, guid: b52fb9683feff214888a7be4dcc66bd8, type: 3}
      propertyPath: m_RootOrder
      value: 30
      objectReference: {fileID: 0}
    - target: {fileID: -8679921383154817045, guid: b52fb9683feff214888a7be4dcc66bd8, type: 3}
      propertyPath: m_LocalScale.x
      value: 1
      objectReference: {fileID: 0}
    - target: {fileID: -8679921383154817045, guid: b52fb9683feff214888a7be4dcc66bd8, type: 3}
      propertyPath: m_LocalScale.y
      value: 1
      objectReference: {fileID: 0}
    - target: {fileID: -8679921383154817045, guid: b52fb9683feff214888a7be4dcc66bd8, type: 3}
      propertyPath: m_LocalPosition.x
      value: -16.258635
      objectReference: {fileID: 0}
    - target: {fileID: -8679921383154817045, guid: b52fb9683feff214888a7be4dcc66bd8, type: 3}
      propertyPath: m_LocalPosition.y
      value: 0.5199168
      objectReference: {fileID: 0}
    - target: {fileID: -8679921383154817045, guid: b52fb9683feff214888a7be4dcc66bd8, type: 3}
      propertyPath: m_LocalPosition.z
      value: -5.0611267
      objectReference: {fileID: 0}
    - target: {fileID: -8679921383154817045, guid: b52fb9683feff214888a7be4dcc66bd8, type: 3}
      propertyPath: m_LocalRotation.w
      value: 0.76780707
      objectReference: {fileID: 0}
    - target: {fileID: -8679921383154817045, guid: b52fb9683feff214888a7be4dcc66bd8, type: 3}
      propertyPath: m_LocalRotation.x
      value: -0.017385157
      objectReference: {fileID: 0}
    - target: {fileID: -8679921383154817045, guid: b52fb9683feff214888a7be4dcc66bd8, type: 3}
      propertyPath: m_LocalRotation.y
      value: -0.640127
      objectReference: {fileID: 0}
    - target: {fileID: -8679921383154817045, guid: b52fb9683feff214888a7be4dcc66bd8, type: 3}
      propertyPath: m_LocalRotation.z
      value: 0.020187236
      objectReference: {fileID: 0}
    - target: {fileID: -8679921383154817045, guid: b52fb9683feff214888a7be4dcc66bd8, type: 3}
      propertyPath: m_LocalEulerAnglesHint.x
      value: -0.049
      objectReference: {fileID: 0}
    - target: {fileID: -8679921383154817045, guid: b52fb9683feff214888a7be4dcc66bd8, type: 3}
      propertyPath: m_LocalEulerAnglesHint.y
      value: -79.638
      objectReference: {fileID: 0}
    - target: {fileID: -8679921383154817045, guid: b52fb9683feff214888a7be4dcc66bd8, type: 3}
      propertyPath: m_LocalEulerAnglesHint.z
      value: 3.053
      objectReference: {fileID: 0}
    - target: {fileID: 919132149155446097, guid: b52fb9683feff214888a7be4dcc66bd8, type: 3}
      propertyPath: m_Name
      value: Hay_2 (4)
      objectReference: {fileID: 0}
    m_RemovedComponents: []
  m_SourcePrefab: {fileID: 100100000, guid: b52fb9683feff214888a7be4dcc66bd8, type: 3}
--- !u!4 &4476262887844189575 stripped
Transform:
  m_CorrespondingSourceObject: {fileID: -8679921383154817045, guid: b52fb9683feff214888a7be4dcc66bd8, type: 3}
  m_PrefabInstance: {fileID: 4149038034694369900}
  m_PrefabAsset: {fileID: 0}
--- !u!1001 &4763600856244330032
PrefabInstance:
  m_ObjectHideFlags: 0
  serializedVersion: 2
  m_Modification:
    m_TransformParent: {fileID: 8658225066497936067}
    m_Modifications:
    - target: {fileID: -8679921383154817045, guid: b52fb9683feff214888a7be4dcc66bd8, type: 3}
      propertyPath: m_RootOrder
      value: 27
      objectReference: {fileID: 0}
    - target: {fileID: -8679921383154817045, guid: b52fb9683feff214888a7be4dcc66bd8, type: 3}
      propertyPath: m_LocalScale.x
      value: 0.91510135
      objectReference: {fileID: 0}
    - target: {fileID: -8679921383154817045, guid: b52fb9683feff214888a7be4dcc66bd8, type: 3}
      propertyPath: m_LocalScale.y
      value: 1.3476322
      objectReference: {fileID: 0}
    - target: {fileID: -8679921383154817045, guid: b52fb9683feff214888a7be4dcc66bd8, type: 3}
      propertyPath: m_LocalScale.z
      value: 0.58458006
      objectReference: {fileID: 0}
    - target: {fileID: -8679921383154817045, guid: b52fb9683feff214888a7be4dcc66bd8, type: 3}
      propertyPath: m_LocalPosition.x
      value: -24.2
      objectReference: {fileID: 0}
    - target: {fileID: -8679921383154817045, guid: b52fb9683feff214888a7be4dcc66bd8, type: 3}
      propertyPath: m_LocalPosition.y
      value: 0.33000004
      objectReference: {fileID: 0}
    - target: {fileID: -8679921383154817045, guid: b52fb9683feff214888a7be4dcc66bd8, type: 3}
      propertyPath: m_LocalPosition.z
      value: -11.799988
      objectReference: {fileID: 0}
    - target: {fileID: -8679921383154817045, guid: b52fb9683feff214888a7be4dcc66bd8, type: 3}
      propertyPath: m_LocalRotation.w
      value: 0.8996118
      objectReference: {fileID: 0}
    - target: {fileID: -8679921383154817045, guid: b52fb9683feff214888a7be4dcc66bd8, type: 3}
      propertyPath: m_LocalRotation.x
      value: -0.012246926
      objectReference: {fileID: 0}
    - target: {fileID: -8679921383154817045, guid: b52fb9683feff214888a7be4dcc66bd8, type: 3}
      propertyPath: m_LocalRotation.y
      value: -0.43578622
      objectReference: {fileID: 0}
    - target: {fileID: -8679921383154817045, guid: b52fb9683feff214888a7be4dcc66bd8, type: 3}
      propertyPath: m_LocalRotation.z
      value: 0.025281845
      objectReference: {fileID: 0}
    - target: {fileID: -8679921383154817045, guid: b52fb9683feff214888a7be4dcc66bd8, type: 3}
      propertyPath: m_LocalEulerAnglesHint.x
      value: 0
      objectReference: {fileID: 0}
    - target: {fileID: -8679921383154817045, guid: b52fb9683feff214888a7be4dcc66bd8, type: 3}
      propertyPath: m_LocalEulerAnglesHint.y
      value: -51.693
      objectReference: {fileID: 0}
    - target: {fileID: -8679921383154817045, guid: b52fb9683feff214888a7be4dcc66bd8, type: 3}
      propertyPath: m_LocalEulerAnglesHint.z
      value: 3.22
      objectReference: {fileID: 0}
    - target: {fileID: 919132149155446097, guid: b52fb9683feff214888a7be4dcc66bd8, type: 3}
      propertyPath: m_Name
      value: Hay_2 (2)
      objectReference: {fileID: 0}
    m_RemovedComponents: []
  m_SourcePrefab: {fileID: 100100000, guid: b52fb9683feff214888a7be4dcc66bd8, type: 3}
--- !u!4 &5012801879123294683 stripped
Transform:
  m_CorrespondingSourceObject: {fileID: -8679921383154817045, guid: b52fb9683feff214888a7be4dcc66bd8, type: 3}
  m_PrefabInstance: {fileID: 4763600856244330032}
  m_PrefabAsset: {fileID: 0}
--- !u!1001 &4899902998840179555
PrefabInstance:
  m_ObjectHideFlags: 0
  serializedVersion: 2
  m_Modification:
    m_TransformParent: {fileID: 8658225066497936067}
    m_Modifications:
    - target: {fileID: -8679921383154817045, guid: f57338bfb7ae94141bdb806411e69443, type: 3}
      propertyPath: m_RootOrder
      value: 11
      objectReference: {fileID: 0}
    - target: {fileID: -8679921383154817045, guid: f57338bfb7ae94141bdb806411e69443, type: 3}
      propertyPath: m_LocalPosition.x
      value: 9.380001
      objectReference: {fileID: 0}
    - target: {fileID: -8679921383154817045, guid: f57338bfb7ae94141bdb806411e69443, type: 3}
      propertyPath: m_LocalPosition.y
      value: 2.58
      objectReference: {fileID: 0}
    - target: {fileID: -8679921383154817045, guid: f57338bfb7ae94141bdb806411e69443, type: 3}
      propertyPath: m_LocalPosition.z
      value: 13.867004
      objectReference: {fileID: 0}
    - target: {fileID: -8679921383154817045, guid: f57338bfb7ae94141bdb806411e69443, type: 3}
      propertyPath: m_LocalRotation.w
      value: 0.00000019470718
      objectReference: {fileID: 0}
    - target: {fileID: -8679921383154817045, guid: f57338bfb7ae94141bdb806411e69443, type: 3}
      propertyPath: m_LocalRotation.x
      value: -6.123235e-17
      objectReference: {fileID: 0}
    - target: {fileID: -8679921383154817045, guid: f57338bfb7ae94141bdb806411e69443, type: 3}
      propertyPath: m_LocalRotation.y
      value: 1
      objectReference: {fileID: 0}
    - target: {fileID: -8679921383154817045, guid: f57338bfb7ae94141bdb806411e69443, type: 3}
      propertyPath: m_LocalRotation.z
      value: 6.123235e-17
      objectReference: {fileID: 0}
    - target: {fileID: -8679921383154817045, guid: f57338bfb7ae94141bdb806411e69443, type: 3}
      propertyPath: m_LocalEulerAnglesHint.x
      value: 0
      objectReference: {fileID: 0}
    - target: {fileID: -8679921383154817045, guid: f57338bfb7ae94141bdb806411e69443, type: 3}
      propertyPath: m_LocalEulerAnglesHint.y
      value: 0
      objectReference: {fileID: 0}
    - target: {fileID: -8679921383154817045, guid: f57338bfb7ae94141bdb806411e69443, type: 3}
      propertyPath: m_LocalEulerAnglesHint.z
      value: 0
      objectReference: {fileID: 0}
    - target: {fileID: 919132149155446097, guid: f57338bfb7ae94141bdb806411e69443, type: 3}
      propertyPath: m_Name
      value: Farm_Fence_half (8)
      objectReference: {fileID: 0}
    m_RemovedComponents: []
  m_SourcePrefab: {fileID: 100100000, guid: f57338bfb7ae94141bdb806411e69443, type: 3}
--- !u!4 &4932931071344909448 stripped
Transform:
  m_CorrespondingSourceObject: {fileID: -8679921383154817045, guid: f57338bfb7ae94141bdb806411e69443, type: 3}
  m_PrefabInstance: {fileID: 4899902998840179555}
  m_PrefabAsset: {fileID: 0}
--- !u!1001 &4899902999104531994
PrefabInstance:
  m_ObjectHideFlags: 0
  serializedVersion: 2
  m_Modification:
    m_TransformParent: {fileID: 8658225066497936067}
    m_Modifications:
    - target: {fileID: -8679921383154817045, guid: f57338bfb7ae94141bdb806411e69443, type: 3}
      propertyPath: m_RootOrder
      value: 16
      objectReference: {fileID: 0}
    - target: {fileID: -8679921383154817045, guid: f57338bfb7ae94141bdb806411e69443, type: 3}
      propertyPath: m_LocalPosition.x
      value: 10.559998
      objectReference: {fileID: 0}
    - target: {fileID: -8679921383154817045, guid: f57338bfb7ae94141bdb806411e69443, type: 3}
      propertyPath: m_LocalPosition.y
      value: 2.58
      objectReference: {fileID: 0}
    - target: {fileID: -8679921383154817045, guid: f57338bfb7ae94141bdb806411e69443, type: 3}
      propertyPath: m_LocalPosition.z
      value: -13.700012
      objectReference: {fileID: 0}
    - target: {fileID: -8679921383154817045, guid: f57338bfb7ae94141bdb806411e69443, type: 3}
      propertyPath: m_LocalRotation.w
      value: 0.00000019470718
      objectReference: {fileID: 0}
    - target: {fileID: -8679921383154817045, guid: f57338bfb7ae94141bdb806411e69443, type: 3}
      propertyPath: m_LocalRotation.x
      value: -6.123235e-17
      objectReference: {fileID: 0}
    - target: {fileID: -8679921383154817045, guid: f57338bfb7ae94141bdb806411e69443, type: 3}
      propertyPath: m_LocalRotation.y
      value: 1
      objectReference: {fileID: 0}
    - target: {fileID: -8679921383154817045, guid: f57338bfb7ae94141bdb806411e69443, type: 3}
      propertyPath: m_LocalRotation.z
      value: 6.123235e-17
      objectReference: {fileID: 0}
    - target: {fileID: -8679921383154817045, guid: f57338bfb7ae94141bdb806411e69443, type: 3}
      propertyPath: m_LocalEulerAnglesHint.x
      value: 0
      objectReference: {fileID: 0}
    - target: {fileID: -8679921383154817045, guid: f57338bfb7ae94141bdb806411e69443, type: 3}
      propertyPath: m_LocalEulerAnglesHint.y
      value: 0
      objectReference: {fileID: 0}
    - target: {fileID: -8679921383154817045, guid: f57338bfb7ae94141bdb806411e69443, type: 3}
      propertyPath: m_LocalEulerAnglesHint.z
      value: 0
      objectReference: {fileID: 0}
    - target: {fileID: 919132149155446097, guid: f57338bfb7ae94141bdb806411e69443, type: 3}
      propertyPath: m_Name
      value: Farm_Fence_half (14)
      objectReference: {fileID: 0}
    m_RemovedComponents: []
  m_SourcePrefab: {fileID: 100100000, guid: f57338bfb7ae94141bdb806411e69443, type: 3}
--- !u!4 &4932931071089199601 stripped
Transform:
  m_CorrespondingSourceObject: {fileID: -8679921383154817045, guid: f57338bfb7ae94141bdb806411e69443, type: 3}
  m_PrefabInstance: {fileID: 4899902999104531994}
  m_PrefabAsset: {fileID: 0}
--- !u!1001 &4899902999125490169
PrefabInstance:
  m_ObjectHideFlags: 0
  serializedVersion: 2
  m_Modification:
    m_TransformParent: {fileID: 8658225066497936067}
    m_Modifications:
    - target: {fileID: -8679921383154817045, guid: ac0bd80f197ad7b4280cf3ca8088bb4d, type: 3}
      propertyPath: m_RootOrder
      value: 19
      objectReference: {fileID: 0}
    - target: {fileID: -8679921383154817045, guid: ac0bd80f197ad7b4280cf3ca8088bb4d, type: 3}
      propertyPath: m_LocalPosition.x
      value: 6.174999
      objectReference: {fileID: 0}
    - target: {fileID: -8679921383154817045, guid: ac0bd80f197ad7b4280cf3ca8088bb4d, type: 3}
      propertyPath: m_LocalPosition.y
      value: 2.65
      objectReference: {fileID: 0}
    - target: {fileID: -8679921383154817045, guid: ac0bd80f197ad7b4280cf3ca8088bb4d, type: 3}
      propertyPath: m_LocalPosition.z
      value: -13.675995
      objectReference: {fileID: 0}
    - target: {fileID: -8679921383154817045, guid: ac0bd80f197ad7b4280cf3ca8088bb4d, type: 3}
      propertyPath: m_LocalRotation.w
      value: 1
      objectReference: {fileID: 0}
    - target: {fileID: -8679921383154817045, guid: ac0bd80f197ad7b4280cf3ca8088bb4d, type: 3}
      propertyPath: m_LocalRotation.x
      value: -0
      objectReference: {fileID: 0}
    - target: {fileID: -8679921383154817045, guid: ac0bd80f197ad7b4280cf3ca8088bb4d, type: 3}
      propertyPath: m_LocalRotation.y
      value: -0
      objectReference: {fileID: 0}
    - target: {fileID: -8679921383154817045, guid: ac0bd80f197ad7b4280cf3ca8088bb4d, type: 3}
      propertyPath: m_LocalRotation.z
      value: -0
      objectReference: {fileID: 0}
    - target: {fileID: -8679921383154817045, guid: ac0bd80f197ad7b4280cf3ca8088bb4d, type: 3}
      propertyPath: m_LocalEulerAnglesHint.x
      value: 0
      objectReference: {fileID: 0}
    - target: {fileID: -8679921383154817045, guid: ac0bd80f197ad7b4280cf3ca8088bb4d, type: 3}
      propertyPath: m_LocalEulerAnglesHint.y
      value: 0
      objectReference: {fileID: 0}
    - target: {fileID: -8679921383154817045, guid: ac0bd80f197ad7b4280cf3ca8088bb4d, type: 3}
      propertyPath: m_LocalEulerAnglesHint.z
      value: 0
      objectReference: {fileID: 0}
    - target: {fileID: 919132149155446097, guid: ac0bd80f197ad7b4280cf3ca8088bb4d, type: 3}
      propertyPath: m_Name
      value: Farm_Fence_full (2)
      objectReference: {fileID: 0}
    m_RemovedComponents: []
  m_SourcePrefab: {fileID: 100100000, guid: ac0bd80f197ad7b4280cf3ca8088bb4d, type: 3}
--- !u!4 &4932931071026372114 stripped
Transform:
  m_CorrespondingSourceObject: {fileID: -8679921383154817045, guid: ac0bd80f197ad7b4280cf3ca8088bb4d, type: 3}
  m_PrefabInstance: {fileID: 4899902999125490169}
  m_PrefabAsset: {fileID: 0}
--- !u!1001 &4899902999132540222
PrefabInstance:
  m_ObjectHideFlags: 0
  serializedVersion: 2
  m_Modification:
    m_TransformParent: {fileID: 8658225066497936067}
    m_Modifications:
    - target: {fileID: -8679921383154817045, guid: ecd5aff8423feea4d9c59d6c11ed3a92, type: 3}
      propertyPath: m_RootOrder
      value: 2
      objectReference: {fileID: 0}
    - target: {fileID: -8679921383154817045, guid: ecd5aff8423feea4d9c59d6c11ed3a92, type: 3}
      propertyPath: m_LocalPosition.x
      value: -5.32
      objectReference: {fileID: 0}
    - target: {fileID: -8679921383154817045, guid: ecd5aff8423feea4d9c59d6c11ed3a92, type: 3}
      propertyPath: m_LocalPosition.y
      value: -0.48
      objectReference: {fileID: 0}
    - target: {fileID: -8679921383154817045, guid: ecd5aff8423feea4d9c59d6c11ed3a92, type: 3}
      propertyPath: m_LocalPosition.z
      value: -0.23
      objectReference: {fileID: 0}
    - target: {fileID: -8679921383154817045, guid: ecd5aff8423feea4d9c59d6c11ed3a92, type: 3}
      propertyPath: m_LocalRotation.w
      value: 1
      objectReference: {fileID: 0}
    - target: {fileID: -8679921383154817045, guid: ecd5aff8423feea4d9c59d6c11ed3a92, type: 3}
      propertyPath: m_LocalRotation.x
      value: -0
      objectReference: {fileID: 0}
    - target: {fileID: -8679921383154817045, guid: ecd5aff8423feea4d9c59d6c11ed3a92, type: 3}
      propertyPath: m_LocalRotation.y
      value: -0
      objectReference: {fileID: 0}
    - target: {fileID: -8679921383154817045, guid: ecd5aff8423feea4d9c59d6c11ed3a92, type: 3}
      propertyPath: m_LocalRotation.z
      value: -0
      objectReference: {fileID: 0}
    - target: {fileID: -8679921383154817045, guid: ecd5aff8423feea4d9c59d6c11ed3a92, type: 3}
      propertyPath: m_LocalEulerAnglesHint.x
      value: 0
      objectReference: {fileID: 0}
    - target: {fileID: -8679921383154817045, guid: ecd5aff8423feea4d9c59d6c11ed3a92, type: 3}
      propertyPath: m_LocalEulerAnglesHint.y
      value: 0
      objectReference: {fileID: 0}
    - target: {fileID: -8679921383154817045, guid: ecd5aff8423feea4d9c59d6c11ed3a92, type: 3}
      propertyPath: m_LocalEulerAnglesHint.z
      value: 0
      objectReference: {fileID: 0}
    - target: {fileID: 919132149155446097, guid: ecd5aff8423feea4d9c59d6c11ed3a92, type: 3}
      propertyPath: m_Name
      value: Farm_House
      objectReference: {fileID: 0}
    m_RemovedComponents: []
  m_SourcePrefab: {fileID: 100100000, guid: ecd5aff8423feea4d9c59d6c11ed3a92, type: 3}
--- !u!4 &4932931071052868309 stripped
Transform:
  m_CorrespondingSourceObject: {fileID: -8679921383154817045, guid: ecd5aff8423feea4d9c59d6c11ed3a92, type: 3}
  m_PrefabInstance: {fileID: 4899902999132540222}
  m_PrefabAsset: {fileID: 0}
--- !u!1001 &4899902999211128004
PrefabInstance:
  m_ObjectHideFlags: 0
  serializedVersion: 2
  m_Modification:
    m_TransformParent: {fileID: 8658225066497936067}
    m_Modifications:
    - target: {fileID: -8679921383154817045, guid: f57338bfb7ae94141bdb806411e69443, type: 3}
      propertyPath: m_RootOrder
      value: 12
      objectReference: {fileID: 0}
    - target: {fileID: -8679921383154817045, guid: f57338bfb7ae94141bdb806411e69443, type: 3}
      propertyPath: m_LocalPosition.x
      value: 4.9000015
      objectReference: {fileID: 0}
    - target: {fileID: -8679921383154817045, guid: f57338bfb7ae94141bdb806411e69443, type: 3}
      propertyPath: m_LocalPosition.y
      value: 2.58
      objectReference: {fileID: 0}
    - target: {fileID: -8679921383154817045, guid: f57338bfb7ae94141bdb806411e69443, type: 3}
      propertyPath: m_LocalPosition.z
      value: 13.867004
      objectReference: {fileID: 0}
    - target: {fileID: -8679921383154817045, guid: f57338bfb7ae94141bdb806411e69443, type: 3}
      propertyPath: m_LocalRotation.w
      value: 0.00000019470718
      objectReference: {fileID: 0}
    - target: {fileID: -8679921383154817045, guid: f57338bfb7ae94141bdb806411e69443, type: 3}
      propertyPath: m_LocalRotation.x
      value: -6.123235e-17
      objectReference: {fileID: 0}
    - target: {fileID: -8679921383154817045, guid: f57338bfb7ae94141bdb806411e69443, type: 3}
      propertyPath: m_LocalRotation.y
      value: 1
      objectReference: {fileID: 0}
    - target: {fileID: -8679921383154817045, guid: f57338bfb7ae94141bdb806411e69443, type: 3}
      propertyPath: m_LocalRotation.z
      value: 6.123235e-17
      objectReference: {fileID: 0}
    - target: {fileID: -8679921383154817045, guid: f57338bfb7ae94141bdb806411e69443, type: 3}
      propertyPath: m_LocalEulerAnglesHint.x
      value: 0
      objectReference: {fileID: 0}
    - target: {fileID: -8679921383154817045, guid: f57338bfb7ae94141bdb806411e69443, type: 3}
      propertyPath: m_LocalEulerAnglesHint.y
      value: 0
      objectReference: {fileID: 0}
    - target: {fileID: -8679921383154817045, guid: f57338bfb7ae94141bdb806411e69443, type: 3}
      propertyPath: m_LocalEulerAnglesHint.z
      value: 0
      objectReference: {fileID: 0}
    - target: {fileID: 919132149155446097, guid: f57338bfb7ae94141bdb806411e69443, type: 3}
      propertyPath: m_Name
      value: Farm_Fence_half (7)
      objectReference: {fileID: 0}
    m_RemovedComponents: []
  m_SourcePrefab: {fileID: 100100000, guid: f57338bfb7ae94141bdb806411e69443, type: 3}
--- !u!4 &4932931070982411055 stripped
Transform:
  m_CorrespondingSourceObject: {fileID: -8679921383154817045, guid: f57338bfb7ae94141bdb806411e69443, type: 3}
  m_PrefabInstance: {fileID: 4899902999211128004}
  m_PrefabAsset: {fileID: 0}
--- !u!1001 &4899902999238459938
PrefabInstance:
  m_ObjectHideFlags: 0
  serializedVersion: 2
  m_Modification:
    m_TransformParent: {fileID: 8658225066497936067}
    m_Modifications:
    - target: {fileID: -8679921383154817045, guid: f57338bfb7ae94141bdb806411e69443, type: 3}
      propertyPath: m_RootOrder
      value: 8
      objectReference: {fileID: 0}
    - target: {fileID: -8679921383154817045, guid: f57338bfb7ae94141bdb806411e69443, type: 3}
      propertyPath: m_LocalPosition.x
      value: -8.370001
      objectReference: {fileID: 0}
    - target: {fileID: -8679921383154817045, guid: f57338bfb7ae94141bdb806411e69443, type: 3}
      propertyPath: m_LocalPosition.y
      value: 2.58
      objectReference: {fileID: 0}
    - target: {fileID: -8679921383154817045, guid: f57338bfb7ae94141bdb806411e69443, type: 3}
      propertyPath: m_LocalPosition.z
      value: 13.867004
      objectReference: {fileID: 0}
    - target: {fileID: -8679921383154817045, guid: f57338bfb7ae94141bdb806411e69443, type: 3}
      propertyPath: m_LocalRotation.w
      value: 0.00000019470718
      objectReference: {fileID: 0}
    - target: {fileID: -8679921383154817045, guid: f57338bfb7ae94141bdb806411e69443, type: 3}
      propertyPath: m_LocalRotation.x
      value: -6.123235e-17
      objectReference: {fileID: 0}
    - target: {fileID: -8679921383154817045, guid: f57338bfb7ae94141bdb806411e69443, type: 3}
      propertyPath: m_LocalRotation.y
      value: 1
      objectReference: {fileID: 0}
    - target: {fileID: -8679921383154817045, guid: f57338bfb7ae94141bdb806411e69443, type: 3}
      propertyPath: m_LocalRotation.z
      value: 6.123235e-17
      objectReference: {fileID: 0}
    - target: {fileID: -8679921383154817045, guid: f57338bfb7ae94141bdb806411e69443, type: 3}
      propertyPath: m_LocalEulerAnglesHint.x
      value: 0
      objectReference: {fileID: 0}
    - target: {fileID: -8679921383154817045, guid: f57338bfb7ae94141bdb806411e69443, type: 3}
      propertyPath: m_LocalEulerAnglesHint.y
      value: 0
      objectReference: {fileID: 0}
    - target: {fileID: -8679921383154817045, guid: f57338bfb7ae94141bdb806411e69443, type: 3}
      propertyPath: m_LocalEulerAnglesHint.z
      value: 0
      objectReference: {fileID: 0}
    - target: {fileID: 919132149155446097, guid: f57338bfb7ae94141bdb806411e69443, type: 3}
      propertyPath: m_Name
      value: Farm_Fence_half (4)
      objectReference: {fileID: 0}
    m_RemovedComponents: []
  m_SourcePrefab: {fileID: 100100000, guid: f57338bfb7ae94141bdb806411e69443, type: 3}
--- !u!4 &4932931070955333065 stripped
Transform:
  m_CorrespondingSourceObject: {fileID: -8679921383154817045, guid: f57338bfb7ae94141bdb806411e69443, type: 3}
  m_PrefabInstance: {fileID: 4899902999238459938}
  m_PrefabAsset: {fileID: 0}
--- !u!1001 &4899902999409020285
PrefabInstance:
  m_ObjectHideFlags: 0
  serializedVersion: 2
  m_Modification:
    m_TransformParent: {fileID: 8658225066497936067}
    m_Modifications:
    - target: {fileID: -8679921383154817045, guid: fcc503e1195b5064d9115ebceecb0526, type: 3}
      propertyPath: m_RootOrder
      value: 4
      objectReference: {fileID: 0}
    - target: {fileID: -8679921383154817045, guid: fcc503e1195b5064d9115ebceecb0526, type: 3}
      propertyPath: m_LocalScale.x
      value: 1
      objectReference: {fileID: 0}
    - target: {fileID: -8679921383154817045, guid: fcc503e1195b5064d9115ebceecb0526, type: 3}
      propertyPath: m_LocalScale.y
      value: 1
      objectReference: {fileID: 0}
    - target: {fileID: -8679921383154817045, guid: fcc503e1195b5064d9115ebceecb0526, type: 3}
      propertyPath: m_LocalPosition.x
      value: -24.41
      objectReference: {fileID: 0}
    - target: {fileID: -8679921383154817045, guid: fcc503e1195b5064d9115ebceecb0526, type: 3}
      propertyPath: m_LocalPosition.y
      value: 0.26
      objectReference: {fileID: 0}
    - target: {fileID: -8679921383154817045, guid: fcc503e1195b5064d9115ebceecb0526, type: 3}
      propertyPath: m_LocalPosition.z
      value: -5.0700073
      objectReference: {fileID: 0}
    - target: {fileID: -8679921383154817045, guid: fcc503e1195b5064d9115ebceecb0526, type: 3}
      propertyPath: m_LocalRotation.w
      value: 0.86566865
      objectReference: {fileID: 0}
    - target: {fileID: -8679921383154817045, guid: fcc503e1195b5064d9115ebceecb0526, type: 3}
      propertyPath: m_LocalRotation.x
      value: -0.024023414
      objectReference: {fileID: 0}
    - target: {fileID: -8679921383154817045, guid: fcc503e1195b5064d9115ebceecb0526, type: 3}
      propertyPath: m_LocalRotation.y
      value: -0.498296
      objectReference: {fileID: 0}
    - target: {fileID: -8679921383154817045, guid: fcc503e1195b5064d9115ebceecb0526, type: 3}
      propertyPath: m_LocalRotation.z
      value: 0.041734856
      objectReference: {fileID: 0}
    - target: {fileID: -8679921383154817045, guid: fcc503e1195b5064d9115ebceecb0526, type: 3}
      propertyPath: m_LocalEulerAnglesHint.x
      value: 0
      objectReference: {fileID: 0}
    - target: {fileID: -8679921383154817045, guid: fcc503e1195b5064d9115ebceecb0526, type: 3}
      propertyPath: m_LocalEulerAnglesHint.y
      value: -59.851
      objectReference: {fileID: 0}
    - target: {fileID: -8679921383154817045, guid: fcc503e1195b5064d9115ebceecb0526, type: 3}
      propertyPath: m_LocalEulerAnglesHint.z
      value: 5.52
      objectReference: {fileID: 0}
    - target: {fileID: 919132149155446097, guid: fcc503e1195b5064d9115ebceecb0526, type: 3}
      propertyPath: m_Name
      value: Hay_1
      objectReference: {fileID: 0}
    m_RemovedComponents: []
  m_SourcePrefab: {fileID: 100100000, guid: fcc503e1195b5064d9115ebceecb0526, type: 3}
--- !u!4 &4932931070776060566 stripped
Transform:
  m_CorrespondingSourceObject: {fileID: -8679921383154817045, guid: fcc503e1195b5064d9115ebceecb0526, type: 3}
  m_PrefabInstance: {fileID: 4899902999409020285}
  m_PrefabAsset: {fileID: 0}
--- !u!1001 &4899902999437798336
PrefabInstance:
  m_ObjectHideFlags: 0
  serializedVersion: 2
  m_Modification:
    m_TransformParent: {fileID: 8658225066497936067}
    m_Modifications:
    - target: {fileID: -8679921383154817045, guid: f57338bfb7ae94141bdb806411e69443, type: 3}
      propertyPath: m_RootOrder
      value: 6
      objectReference: {fileID: 0}
    - target: {fileID: -8679921383154817045, guid: f57338bfb7ae94141bdb806411e69443, type: 3}
      propertyPath: m_LocalPosition.x
      value: -17.26
      objectReference: {fileID: 0}
    - target: {fileID: -8679921383154817045, guid: f57338bfb7ae94141bdb806411e69443, type: 3}
      propertyPath: m_LocalPosition.y
      value: 2.58
      objectReference: {fileID: 0}
    - target: {fileID: -8679921383154817045, guid: f57338bfb7ae94141bdb806411e69443, type: 3}
      propertyPath: m_LocalPosition.z
      value: 13.867004
      objectReference: {fileID: 0}
    - target: {fileID: -8679921383154817045, guid: f57338bfb7ae94141bdb806411e69443, type: 3}
      propertyPath: m_LocalRotation.w
      value: 0.00000019470718
      objectReference: {fileID: 0}
    - target: {fileID: -8679921383154817045, guid: f57338bfb7ae94141bdb806411e69443, type: 3}
      propertyPath: m_LocalRotation.x
      value: -6.123235e-17
      objectReference: {fileID: 0}
    - target: {fileID: -8679921383154817045, guid: f57338bfb7ae94141bdb806411e69443, type: 3}
      propertyPath: m_LocalRotation.y
      value: 1
      objectReference: {fileID: 0}
    - target: {fileID: -8679921383154817045, guid: f57338bfb7ae94141bdb806411e69443, type: 3}
      propertyPath: m_LocalRotation.z
      value: 6.123235e-17
      objectReference: {fileID: 0}
    - target: {fileID: -8679921383154817045, guid: f57338bfb7ae94141bdb806411e69443, type: 3}
      propertyPath: m_LocalEulerAnglesHint.x
      value: 0
      objectReference: {fileID: 0}
    - target: {fileID: -8679921383154817045, guid: f57338bfb7ae94141bdb806411e69443, type: 3}
      propertyPath: m_LocalEulerAnglesHint.y
      value: 0
      objectReference: {fileID: 0}
    - target: {fileID: -8679921383154817045, guid: f57338bfb7ae94141bdb806411e69443, type: 3}
      propertyPath: m_LocalEulerAnglesHint.z
      value: 0
      objectReference: {fileID: 0}
    - target: {fileID: 919132149155446097, guid: f57338bfb7ae94141bdb806411e69443, type: 3}
      propertyPath: m_Name
      value: Farm_Fence_half (2)
      objectReference: {fileID: 0}
    m_RemovedComponents: []
  m_SourcePrefab: {fileID: 100100000, guid: f57338bfb7ae94141bdb806411e69443, type: 3}
--- !u!4 &4932931070755671083 stripped
Transform:
  m_CorrespondingSourceObject: {fileID: -8679921383154817045, guid: f57338bfb7ae94141bdb806411e69443, type: 3}
  m_PrefabInstance: {fileID: 4899902999437798336}
  m_PrefabAsset: {fileID: 0}
--- !u!1001 &4899902999535788189
PrefabInstance:
  m_ObjectHideFlags: 0
  serializedVersion: 2
  m_Modification:
    m_TransformParent: {fileID: 8658225066497936067}
    m_Modifications:
    - target: {fileID: -8679921383154817045, guid: f57338bfb7ae94141bdb806411e69443, type: 3}
      propertyPath: m_RootOrder
      value: 21
      objectReference: {fileID: 0}
    - target: {fileID: -8679921383154817045, guid: f57338bfb7ae94141bdb806411e69443, type: 3}
      propertyPath: m_LocalPosition.x
      value: 19.341072
      objectReference: {fileID: 0}
    - target: {fileID: -8679921383154817045, guid: f57338bfb7ae94141bdb806411e69443, type: 3}
      propertyPath: m_LocalPosition.y
      value: 2.58
      objectReference: {fileID: 0}
    - target: {fileID: -8679921383154817045, guid: f57338bfb7ae94141bdb806411e69443, type: 3}
      propertyPath: m_LocalPosition.z
      value: -9.264923
      objectReference: {fileID: 0}
    - target: {fileID: -8679921383154817045, guid: f57338bfb7ae94141bdb806411e69443, type: 3}
      propertyPath: m_LocalRotation.w
      value: 0.7071059
      objectReference: {fileID: 0}
    - target: {fileID: -8679921383154817045, guid: f57338bfb7ae94141bdb806411e69443, type: 3}
      propertyPath: m_LocalRotation.x
      value: -8.6595626e-17
      objectReference: {fileID: 0}
    - target: {fileID: -8679921383154817045, guid: f57338bfb7ae94141bdb806411e69443, type: 3}
      propertyPath: m_LocalRotation.y
      value: 0.7071077
      objectReference: {fileID: 0}
    - target: {fileID: -8679921383154817045, guid: f57338bfb7ae94141bdb806411e69443, type: 3}
      propertyPath: m_LocalRotation.z
      value: 1.3400326e-22
      objectReference: {fileID: 0}
    - target: {fileID: -8679921383154817045, guid: f57338bfb7ae94141bdb806411e69443, type: 3}
      propertyPath: m_LocalEulerAnglesHint.x
      value: 0
      objectReference: {fileID: 0}
    - target: {fileID: -8679921383154817045, guid: f57338bfb7ae94141bdb806411e69443, type: 3}
      propertyPath: m_LocalEulerAnglesHint.y
      value: 90
      objectReference: {fileID: 0}
    - target: {fileID: -8679921383154817045, guid: f57338bfb7ae94141bdb806411e69443, type: 3}
      propertyPath: m_LocalEulerAnglesHint.z
      value: 0
      objectReference: {fileID: 0}
    - target: {fileID: 919132149155446097, guid: f57338bfb7ae94141bdb806411e69443, type: 3}
      propertyPath: m_Name
      value: Farm_Fence_half (18)
      objectReference: {fileID: 0}
    m_RemovedComponents: []
  m_SourcePrefab: {fileID: 100100000, guid: f57338bfb7ae94141bdb806411e69443, type: 3}
--- !u!4 &4932931070649616246 stripped
Transform:
  m_CorrespondingSourceObject: {fileID: -8679921383154817045, guid: f57338bfb7ae94141bdb806411e69443, type: 3}
  m_PrefabInstance: {fileID: 4899902999535788189}
  m_PrefabAsset: {fileID: 0}
--- !u!1001 &4899902999551893415
PrefabInstance:
  m_ObjectHideFlags: 0
  serializedVersion: 2
  m_Modification:
    m_TransformParent: {fileID: 8658225066497936067}
    m_Modifications:
    - target: {fileID: -8679921383154817045, guid: f57338bfb7ae94141bdb806411e69443, type: 3}
      propertyPath: m_RootOrder
      value: 10
      objectReference: {fileID: 0}
    - target: {fileID: -8679921383154817045, guid: f57338bfb7ae94141bdb806411e69443, type: 3}
      propertyPath: m_LocalPosition.x
      value: 0.49000168
      objectReference: {fileID: 0}
    - target: {fileID: -8679921383154817045, guid: f57338bfb7ae94141bdb806411e69443, type: 3}
      propertyPath: m_LocalPosition.y
      value: 2.58
      objectReference: {fileID: 0}
    - target: {fileID: -8679921383154817045, guid: f57338bfb7ae94141bdb806411e69443, type: 3}
      propertyPath: m_LocalPosition.z
      value: 13.867004
      objectReference: {fileID: 0}
    - target: {fileID: -8679921383154817045, guid: f57338bfb7ae94141bdb806411e69443, type: 3}
      propertyPath: m_LocalRotation.w
      value: 0.00000019470718
      objectReference: {fileID: 0}
    - target: {fileID: -8679921383154817045, guid: f57338bfb7ae94141bdb806411e69443, type: 3}
      propertyPath: m_LocalRotation.x
      value: -6.123235e-17
      objectReference: {fileID: 0}
    - target: {fileID: -8679921383154817045, guid: f57338bfb7ae94141bdb806411e69443, type: 3}
      propertyPath: m_LocalRotation.y
      value: 1
      objectReference: {fileID: 0}
    - target: {fileID: -8679921383154817045, guid: f57338bfb7ae94141bdb806411e69443, type: 3}
      propertyPath: m_LocalRotation.z
      value: 6.123235e-17
      objectReference: {fileID: 0}
    - target: {fileID: -8679921383154817045, guid: f57338bfb7ae94141bdb806411e69443, type: 3}
      propertyPath: m_LocalEulerAnglesHint.x
      value: 0
      objectReference: {fileID: 0}
    - target: {fileID: -8679921383154817045, guid: f57338bfb7ae94141bdb806411e69443, type: 3}
      propertyPath: m_LocalEulerAnglesHint.y
      value: 0
      objectReference: {fileID: 0}
    - target: {fileID: -8679921383154817045, guid: f57338bfb7ae94141bdb806411e69443, type: 3}
      propertyPath: m_LocalEulerAnglesHint.z
      value: 0
      objectReference: {fileID: 0}
    - target: {fileID: 919132149155446097, guid: f57338bfb7ae94141bdb806411e69443, type: 3}
      propertyPath: m_Name
      value: Farm_Fence_half (6)
      objectReference: {fileID: 0}
    m_RemovedComponents: []
  m_SourcePrefab: {fileID: 100100000, guid: f57338bfb7ae94141bdb806411e69443, type: 3}
--- !u!4 &4932931070599641164 stripped
Transform:
  m_CorrespondingSourceObject: {fileID: -8679921383154817045, guid: f57338bfb7ae94141bdb806411e69443, type: 3}
  m_PrefabInstance: {fileID: 4899902999551893415}
  m_PrefabAsset: {fileID: 0}
--- !u!1001 &4899902999661335010
PrefabInstance:
  m_ObjectHideFlags: 0
  serializedVersion: 2
  m_Modification:
    m_TransformParent: {fileID: 8658225066497936067}
    m_Modifications:
    - target: {fileID: -8679921383154817045, guid: f57338bfb7ae94141bdb806411e69443, type: 3}
      propertyPath: m_RootOrder
      value: 17
      objectReference: {fileID: 0}
    - target: {fileID: -8679921383154817045, guid: f57338bfb7ae94141bdb806411e69443, type: 3}
      propertyPath: m_LocalPosition.x
      value: 15.0099945
      objectReference: {fileID: 0}
    - target: {fileID: -8679921383154817045, guid: f57338bfb7ae94141bdb806411e69443, type: 3}
      propertyPath: m_LocalPosition.y
      value: 2.58
      objectReference: {fileID: 0}
    - target: {fileID: -8679921383154817045, guid: f57338bfb7ae94141bdb806411e69443, type: 3}
      propertyPath: m_LocalPosition.z
      value: -13.700012
      objectReference: {fileID: 0}
    - target: {fileID: -8679921383154817045, guid: f57338bfb7ae94141bdb806411e69443, type: 3}
      propertyPath: m_LocalRotation.w
      value: 0.00000019470718
      objectReference: {fileID: 0}
    - target: {fileID: -8679921383154817045, guid: f57338bfb7ae94141bdb806411e69443, type: 3}
      propertyPath: m_LocalRotation.x
      value: -6.123235e-17
      objectReference: {fileID: 0}
    - target: {fileID: -8679921383154817045, guid: f57338bfb7ae94141bdb806411e69443, type: 3}
      propertyPath: m_LocalRotation.y
      value: 1
      objectReference: {fileID: 0}
    - target: {fileID: -8679921383154817045, guid: f57338bfb7ae94141bdb806411e69443, type: 3}
      propertyPath: m_LocalRotation.z
      value: 6.123235e-17
      objectReference: {fileID: 0}
    - target: {fileID: -8679921383154817045, guid: f57338bfb7ae94141bdb806411e69443, type: 3}
      propertyPath: m_LocalEulerAnglesHint.x
      value: 0
      objectReference: {fileID: 0}
    - target: {fileID: -8679921383154817045, guid: f57338bfb7ae94141bdb806411e69443, type: 3}
      propertyPath: m_LocalEulerAnglesHint.y
      value: 0
      objectReference: {fileID: 0}
    - target: {fileID: -8679921383154817045, guid: f57338bfb7ae94141bdb806411e69443, type: 3}
      propertyPath: m_LocalEulerAnglesHint.z
      value: 0
      objectReference: {fileID: 0}
    - target: {fileID: 919132149155446097, guid: f57338bfb7ae94141bdb806411e69443, type: 3}
      propertyPath: m_Name
      value: Farm_Fence_half (16)
      objectReference: {fileID: 0}
    m_RemovedComponents: []
  m_SourcePrefab: {fileID: 100100000, guid: f57338bfb7ae94141bdb806411e69443, type: 3}
--- !u!4 &4932931070490457609 stripped
Transform:
  m_CorrespondingSourceObject: {fileID: -8679921383154817045, guid: f57338bfb7ae94141bdb806411e69443, type: 3}
  m_PrefabInstance: {fileID: 4899902999661335010}
  m_PrefabAsset: {fileID: 0}
--- !u!1001 &4899902999927206158
PrefabInstance:
  m_ObjectHideFlags: 0
  serializedVersion: 2
  m_Modification:
    m_TransformParent: {fileID: 8658225066497936067}
    m_Modifications:
    - target: {fileID: -8679921383154817045, guid: ac0bd80f197ad7b4280cf3ca8088bb4d, type: 3}
      propertyPath: m_RootOrder
      value: 1
      objectReference: {fileID: 0}
    - target: {fileID: -8679921383154817045, guid: ac0bd80f197ad7b4280cf3ca8088bb4d, type: 3}
      propertyPath: m_LocalPosition.x
      value: -21.723001
      objectReference: {fileID: 0}
    - target: {fileID: -8679921383154817045, guid: ac0bd80f197ad7b4280cf3ca8088bb4d, type: 3}
      propertyPath: m_LocalPosition.y
      value: 2.65
      objectReference: {fileID: 0}
    - target: {fileID: -8679921383154817045, guid: ac0bd80f197ad7b4280cf3ca8088bb4d, type: 3}
      propertyPath: m_LocalPosition.z
      value: 13.850006
      objectReference: {fileID: 0}
    - target: {fileID: -8679921383154817045, guid: ac0bd80f197ad7b4280cf3ca8088bb4d, type: 3}
      propertyPath: m_LocalRotation.w
      value: 1
      objectReference: {fileID: 0}
    - target: {fileID: -8679921383154817045, guid: ac0bd80f197ad7b4280cf3ca8088bb4d, type: 3}
      propertyPath: m_LocalRotation.x
      value: -0
      objectReference: {fileID: 0}
    - target: {fileID: -8679921383154817045, guid: ac0bd80f197ad7b4280cf3ca8088bb4d, type: 3}
      propertyPath: m_LocalRotation.y
      value: -0
      objectReference: {fileID: 0}
    - target: {fileID: -8679921383154817045, guid: ac0bd80f197ad7b4280cf3ca8088bb4d, type: 3}
      propertyPath: m_LocalRotation.z
      value: -0
      objectReference: {fileID: 0}
    - target: {fileID: -8679921383154817045, guid: ac0bd80f197ad7b4280cf3ca8088bb4d, type: 3}
      propertyPath: m_LocalEulerAnglesHint.x
      value: 0
      objectReference: {fileID: 0}
    - target: {fileID: -8679921383154817045, guid: ac0bd80f197ad7b4280cf3ca8088bb4d, type: 3}
      propertyPath: m_LocalEulerAnglesHint.y
      value: 0
      objectReference: {fileID: 0}
    - target: {fileID: -8679921383154817045, guid: ac0bd80f197ad7b4280cf3ca8088bb4d, type: 3}
      propertyPath: m_LocalEulerAnglesHint.z
      value: 0
      objectReference: {fileID: 0}
    - target: {fileID: 919132149155446097, guid: ac0bd80f197ad7b4280cf3ca8088bb4d, type: 3}
      propertyPath: m_Name
      value: Farm_Fence_full (1)
      objectReference: {fileID: 0}
    m_RemovedComponents: []
  m_SourcePrefab: {fileID: 100100000, guid: ac0bd80f197ad7b4280cf3ca8088bb4d, type: 3}
--- !u!4 &4932931070224324325 stripped
Transform:
  m_CorrespondingSourceObject: {fileID: -8679921383154817045, guid: ac0bd80f197ad7b4280cf3ca8088bb4d, type: 3}
  m_PrefabInstance: {fileID: 4899902999927206158}
  m_PrefabAsset: {fileID: 0}
--- !u!1001 &4899902999959707468
PrefabInstance:
  m_ObjectHideFlags: 0
  serializedVersion: 2
  m_Modification:
    m_TransformParent: {fileID: 8658225066497936067}
    m_Modifications:
    - target: {fileID: -8679921383154817045, guid: f57338bfb7ae94141bdb806411e69443, type: 3}
      propertyPath: m_RootOrder
      value: 9
      objectReference: {fileID: 0}
    - target: {fileID: -8679921383154817045, guid: f57338bfb7ae94141bdb806411e69443, type: 3}
      propertyPath: m_LocalPosition.x
      value: -3.9899979
      objectReference: {fileID: 0}
    - target: {fileID: -8679921383154817045, guid: f57338bfb7ae94141bdb806411e69443, type: 3}
      propertyPath: m_LocalPosition.y
      value: 2.58
      objectReference: {fileID: 0}
    - target: {fileID: -8679921383154817045, guid: f57338bfb7ae94141bdb806411e69443, type: 3}
      propertyPath: m_LocalPosition.z
      value: 13.867004
      objectReference: {fileID: 0}
    - target: {fileID: -8679921383154817045, guid: f57338bfb7ae94141bdb806411e69443, type: 3}
      propertyPath: m_LocalRotation.w
      value: 0.00000019470718
      objectReference: {fileID: 0}
    - target: {fileID: -8679921383154817045, guid: f57338bfb7ae94141bdb806411e69443, type: 3}
      propertyPath: m_LocalRotation.x
      value: -6.123235e-17
      objectReference: {fileID: 0}
    - target: {fileID: -8679921383154817045, guid: f57338bfb7ae94141bdb806411e69443, type: 3}
      propertyPath: m_LocalRotation.y
      value: 1
      objectReference: {fileID: 0}
    - target: {fileID: -8679921383154817045, guid: f57338bfb7ae94141bdb806411e69443, type: 3}
      propertyPath: m_LocalRotation.z
      value: 6.123235e-17
      objectReference: {fileID: 0}
    - target: {fileID: -8679921383154817045, guid: f57338bfb7ae94141bdb806411e69443, type: 3}
      propertyPath: m_LocalEulerAnglesHint.x
      value: 0
      objectReference: {fileID: 0}
    - target: {fileID: -8679921383154817045, guid: f57338bfb7ae94141bdb806411e69443, type: 3}
      propertyPath: m_LocalEulerAnglesHint.y
      value: 0
      objectReference: {fileID: 0}
    - target: {fileID: -8679921383154817045, guid: f57338bfb7ae94141bdb806411e69443, type: 3}
      propertyPath: m_LocalEulerAnglesHint.z
      value: 0
      objectReference: {fileID: 0}
    - target: {fileID: 919132149155446097, guid: f57338bfb7ae94141bdb806411e69443, type: 3}
      propertyPath: m_Name
      value: Farm_Fence_half (5)
      objectReference: {fileID: 0}
    m_RemovedComponents: []
  m_SourcePrefab: {fileID: 100100000, guid: f57338bfb7ae94141bdb806411e69443, type: 3}
--- !u!4 &4932931070200215719 stripped
Transform:
  m_CorrespondingSourceObject: {fileID: -8679921383154817045, guid: f57338bfb7ae94141bdb806411e69443, type: 3}
  m_PrefabInstance: {fileID: 4899902999959707468}
  m_PrefabAsset: {fileID: 0}
--- !u!1001 &4899903000015552844
PrefabInstance:
  m_ObjectHideFlags: 0
  serializedVersion: 2
  m_Modification:
    m_TransformParent: {fileID: 8658225066497936067}
    m_Modifications:
    - target: {fileID: -8679921383154817045, guid: f57338bfb7ae94141bdb806411e69443, type: 3}
      propertyPath: m_RootOrder
      value: 15
      objectReference: {fileID: 0}
    - target: {fileID: -8679921383154817045, guid: f57338bfb7ae94141bdb806411e69443, type: 3}
      propertyPath: m_LocalPosition.x
      value: 6.08
      objectReference: {fileID: 0}
    - target: {fileID: -8679921383154817045, guid: f57338bfb7ae94141bdb806411e69443, type: 3}
      propertyPath: m_LocalPosition.y
      value: 2.58
      objectReference: {fileID: 0}
    - target: {fileID: -8679921383154817045, guid: f57338bfb7ae94141bdb806411e69443, type: 3}
      propertyPath: m_LocalPosition.z
      value: -13.700012
      objectReference: {fileID: 0}
    - target: {fileID: -8679921383154817045, guid: f57338bfb7ae94141bdb806411e69443, type: 3}
      propertyPath: m_LocalRotation.w
      value: 0.00000019470718
      objectReference: {fileID: 0}
    - target: {fileID: -8679921383154817045, guid: f57338bfb7ae94141bdb806411e69443, type: 3}
      propertyPath: m_LocalRotation.x
      value: -6.123235e-17
      objectReference: {fileID: 0}
    - target: {fileID: -8679921383154817045, guid: f57338bfb7ae94141bdb806411e69443, type: 3}
      propertyPath: m_LocalRotation.y
      value: 1
      objectReference: {fileID: 0}
    - target: {fileID: -8679921383154817045, guid: f57338bfb7ae94141bdb806411e69443, type: 3}
      propertyPath: m_LocalRotation.z
      value: 6.123235e-17
      objectReference: {fileID: 0}
    - target: {fileID: -8679921383154817045, guid: f57338bfb7ae94141bdb806411e69443, type: 3}
      propertyPath: m_LocalEulerAnglesHint.x
      value: 0
      objectReference: {fileID: 0}
    - target: {fileID: -8679921383154817045, guid: f57338bfb7ae94141bdb806411e69443, type: 3}
      propertyPath: m_LocalEulerAnglesHint.y
      value: 0
      objectReference: {fileID: 0}
    - target: {fileID: -8679921383154817045, guid: f57338bfb7ae94141bdb806411e69443, type: 3}
      propertyPath: m_LocalEulerAnglesHint.z
      value: 0
      objectReference: {fileID: 0}
    - target: {fileID: 919132149155446097, guid: f57338bfb7ae94141bdb806411e69443, type: 3}
      propertyPath: m_Name
      value: Farm_Fence_half (15)
      objectReference: {fileID: 0}
    m_RemovedComponents: []
  m_SourcePrefab: {fileID: 100100000, guid: f57338bfb7ae94141bdb806411e69443, type: 3}
--- !u!4 &4932931070177912487 stripped
Transform:
  m_CorrespondingSourceObject: {fileID: -8679921383154817045, guid: f57338bfb7ae94141bdb806411e69443, type: 3}
  m_PrefabInstance: {fileID: 4899903000015552844}
  m_PrefabAsset: {fileID: 0}
--- !u!1001 &4899903000023690422
PrefabInstance:
  m_ObjectHideFlags: 0
  serializedVersion: 2
  m_Modification:
    m_TransformParent: {fileID: 8658225066497936067}
    m_Modifications:
    - target: {fileID: -8679921383154817045, guid: f57338bfb7ae94141bdb806411e69443, type: 3}
      propertyPath: m_RootOrder
      value: 0
      objectReference: {fileID: 0}
    - target: {fileID: -8679921383154817045, guid: f57338bfb7ae94141bdb806411e69443, type: 3}
      propertyPath: m_LocalPosition.x
      value: -21.74
      objectReference: {fileID: 0}
    - target: {fileID: -8679921383154817045, guid: f57338bfb7ae94141bdb806411e69443, type: 3}
      propertyPath: m_LocalPosition.y
      value: 2.58
      objectReference: {fileID: 0}
    - target: {fileID: -8679921383154817045, guid: f57338bfb7ae94141bdb806411e69443, type: 3}
      propertyPath: m_LocalPosition.z
      value: 13.867004
      objectReference: {fileID: 0}
    - target: {fileID: -8679921383154817045, guid: f57338bfb7ae94141bdb806411e69443, type: 3}
      propertyPath: m_LocalRotation.w
      value: 0.00000019470718
      objectReference: {fileID: 0}
    - target: {fileID: -8679921383154817045, guid: f57338bfb7ae94141bdb806411e69443, type: 3}
      propertyPath: m_LocalRotation.x
      value: -6.123235e-17
      objectReference: {fileID: 0}
    - target: {fileID: -8679921383154817045, guid: f57338bfb7ae94141bdb806411e69443, type: 3}
      propertyPath: m_LocalRotation.y
      value: 1
      objectReference: {fileID: 0}
    - target: {fileID: -8679921383154817045, guid: f57338bfb7ae94141bdb806411e69443, type: 3}
      propertyPath: m_LocalRotation.z
      value: 6.123235e-17
      objectReference: {fileID: 0}
    - target: {fileID: -8679921383154817045, guid: f57338bfb7ae94141bdb806411e69443, type: 3}
      propertyPath: m_LocalEulerAnglesHint.x
      value: 0
      objectReference: {fileID: 0}
    - target: {fileID: -8679921383154817045, guid: f57338bfb7ae94141bdb806411e69443, type: 3}
      propertyPath: m_LocalEulerAnglesHint.y
      value: 0
      objectReference: {fileID: 0}
    - target: {fileID: -8679921383154817045, guid: f57338bfb7ae94141bdb806411e69443, type: 3}
      propertyPath: m_LocalEulerAnglesHint.z
      value: 0
      objectReference: {fileID: 0}
    - target: {fileID: 919132149155446097, guid: f57338bfb7ae94141bdb806411e69443, type: 3}
      propertyPath: m_Name
      value: Farm_Fence_half (1)
      objectReference: {fileID: 0}
    m_RemovedComponents: []
  m_SourcePrefab: {fileID: 100100000, guid: f57338bfb7ae94141bdb806411e69443, type: 3}
--- !u!4 &4932931070136224605 stripped
Transform:
  m_CorrespondingSourceObject: {fileID: -8679921383154817045, guid: f57338bfb7ae94141bdb806411e69443, type: 3}
  m_PrefabInstance: {fileID: 4899903000023690422}
  m_PrefabAsset: {fileID: 0}
--- !u!1001 &4899903000144751925
PrefabInstance:
  m_ObjectHideFlags: 0
  serializedVersion: 2
  m_Modification:
    m_TransformParent: {fileID: 8658225066497936067}
    m_Modifications:
    - target: {fileID: -8679921383154817045, guid: bd540ca1ed4c2bf419686bf1df6008a7, type: 3}
      propertyPath: m_RootOrder
      value: 3
      objectReference: {fileID: 0}
    - target: {fileID: -8679921383154817045, guid: bd540ca1ed4c2bf419686bf1df6008a7, type: 3}
      propertyPath: m_LocalPosition.x
      value: -3.6626167
      objectReference: {fileID: 0}
    - target: {fileID: -8679921383154817045, guid: bd540ca1ed4c2bf419686bf1df6008a7, type: 3}
      propertyPath: m_LocalPosition.y
      value: -0.06444812
      objectReference: {fileID: 0}
    - target: {fileID: -8679921383154817045, guid: bd540ca1ed4c2bf419686bf1df6008a7, type: 3}
      propertyPath: m_LocalPosition.z
      value: -0.040008545
      objectReference: {fileID: 0}
    - target: {fileID: -8679921383154817045, guid: bd540ca1ed4c2bf419686bf1df6008a7, type: 3}
      propertyPath: m_LocalRotation.w
      value: 1
      objectReference: {fileID: 0}
    - target: {fileID: -8679921383154817045, guid: bd540ca1ed4c2bf419686bf1df6008a7, type: 3}
      propertyPath: m_LocalRotation.x
      value: -0
      objectReference: {fileID: 0}
    - target: {fileID: -8679921383154817045, guid: bd540ca1ed4c2bf419686bf1df6008a7, type: 3}
      propertyPath: m_LocalRotation.y
      value: -0
      objectReference: {fileID: 0}
    - target: {fileID: -8679921383154817045, guid: bd540ca1ed4c2bf419686bf1df6008a7, type: 3}
      propertyPath: m_LocalRotation.z
      value: -0
      objectReference: {fileID: 0}
    - target: {fileID: -8679921383154817045, guid: bd540ca1ed4c2bf419686bf1df6008a7, type: 3}
      propertyPath: m_LocalEulerAnglesHint.x
      value: 0
      objectReference: {fileID: 0}
    - target: {fileID: -8679921383154817045, guid: bd540ca1ed4c2bf419686bf1df6008a7, type: 3}
      propertyPath: m_LocalEulerAnglesHint.y
      value: 0
      objectReference: {fileID: 0}
    - target: {fileID: -8679921383154817045, guid: bd540ca1ed4c2bf419686bf1df6008a7, type: 3}
      propertyPath: m_LocalEulerAnglesHint.z
      value: 0
      objectReference: {fileID: 0}
    - target: {fileID: 919132149155446097, guid: bd540ca1ed4c2bf419686bf1df6008a7, type: 3}
      propertyPath: m_Name
      value: Farm_Base
      objectReference: {fileID: 0}
    m_RemovedComponents: []
  m_SourcePrefab: {fileID: 100100000, guid: bd540ca1ed4c2bf419686bf1df6008a7, type: 3}
--- !u!4 &4932931070049045214 stripped
Transform:
  m_CorrespondingSourceObject: {fileID: -8679921383154817045, guid: bd540ca1ed4c2bf419686bf1df6008a7, type: 3}
  m_PrefabInstance: {fileID: 4899903000144751925}
  m_PrefabAsset: {fileID: 0}
--- !u!1001 &4899903000160366524
PrefabInstance:
  m_ObjectHideFlags: 0
  serializedVersion: 2
  m_Modification:
    m_TransformParent: {fileID: 8658225066497936067}
    m_Modifications:
    - target: {fileID: -8679921383154817045, guid: f57338bfb7ae94141bdb806411e69443, type: 3}
      propertyPath: m_RootOrder
      value: 7
      objectReference: {fileID: 0}
    - target: {fileID: -8679921383154817045, guid: f57338bfb7ae94141bdb806411e69443, type: 3}
      propertyPath: m_LocalPosition.x
      value: -12.85
      objectReference: {fileID: 0}
    - target: {fileID: -8679921383154817045, guid: f57338bfb7ae94141bdb806411e69443, type: 3}
      propertyPath: m_LocalPosition.y
      value: 2.58
      objectReference: {fileID: 0}
    - target: {fileID: -8679921383154817045, guid: f57338bfb7ae94141bdb806411e69443, type: 3}
      propertyPath: m_LocalPosition.z
      value: 13.867004
      objectReference: {fileID: 0}
    - target: {fileID: -8679921383154817045, guid: f57338bfb7ae94141bdb806411e69443, type: 3}
      propertyPath: m_LocalRotation.w
      value: 0.00000019470718
      objectReference: {fileID: 0}
    - target: {fileID: -8679921383154817045, guid: f57338bfb7ae94141bdb806411e69443, type: 3}
      propertyPath: m_LocalRotation.x
      value: -6.123235e-17
      objectReference: {fileID: 0}
    - target: {fileID: -8679921383154817045, guid: f57338bfb7ae94141bdb806411e69443, type: 3}
      propertyPath: m_LocalRotation.y
      value: 1
      objectReference: {fileID: 0}
    - target: {fileID: -8679921383154817045, guid: f57338bfb7ae94141bdb806411e69443, type: 3}
      propertyPath: m_LocalRotation.z
      value: 6.123235e-17
      objectReference: {fileID: 0}
    - target: {fileID: -8679921383154817045, guid: f57338bfb7ae94141bdb806411e69443, type: 3}
      propertyPath: m_LocalEulerAnglesHint.x
      value: 0
      objectReference: {fileID: 0}
    - target: {fileID: -8679921383154817045, guid: f57338bfb7ae94141bdb806411e69443, type: 3}
      propertyPath: m_LocalEulerAnglesHint.y
      value: 0
      objectReference: {fileID: 0}
    - target: {fileID: -8679921383154817045, guid: f57338bfb7ae94141bdb806411e69443, type: 3}
      propertyPath: m_LocalEulerAnglesHint.z
      value: 0
      objectReference: {fileID: 0}
    - target: {fileID: 919132149155446097, guid: f57338bfb7ae94141bdb806411e69443, type: 3}
      propertyPath: m_Name
      value: Farm_Fence_half (3)
      objectReference: {fileID: 0}
    m_RemovedComponents: []
  m_SourcePrefab: {fileID: 100100000, guid: f57338bfb7ae94141bdb806411e69443, type: 3}
--- !u!4 &4932931069999614039 stripped
Transform:
  m_CorrespondingSourceObject: {fileID: -8679921383154817045, guid: f57338bfb7ae94141bdb806411e69443, type: 3}
  m_PrefabInstance: {fileID: 4899903000160366524}
  m_PrefabAsset: {fileID: 0}
--- !u!1001 &4899903000164004485
PrefabInstance:
  m_ObjectHideFlags: 0
  serializedVersion: 2
  m_Modification:
    m_TransformParent: {fileID: 8658225066497936067}
    m_Modifications:
    - target: {fileID: -8679921383154817045, guid: f57338bfb7ae94141bdb806411e69443, type: 3}
      propertyPath: m_RootOrder
      value: 13
      objectReference: {fileID: 0}
    - target: {fileID: -8679921383154817045, guid: f57338bfb7ae94141bdb806411e69443, type: 3}
      propertyPath: m_LocalPosition.x
      value: 13.829998
      objectReference: {fileID: 0}
    - target: {fileID: -8679921383154817045, guid: f57338bfb7ae94141bdb806411e69443, type: 3}
      propertyPath: m_LocalPosition.y
      value: 2.58
      objectReference: {fileID: 0}
    - target: {fileID: -8679921383154817045, guid: f57338bfb7ae94141bdb806411e69443, type: 3}
      propertyPath: m_LocalPosition.z
      value: 13.867004
      objectReference: {fileID: 0}
    - target: {fileID: -8679921383154817045, guid: f57338bfb7ae94141bdb806411e69443, type: 3}
      propertyPath: m_LocalRotation.w
      value: 0.00000019470718
      objectReference: {fileID: 0}
    - target: {fileID: -8679921383154817045, guid: f57338bfb7ae94141bdb806411e69443, type: 3}
      propertyPath: m_LocalRotation.x
      value: -6.123235e-17
      objectReference: {fileID: 0}
    - target: {fileID: -8679921383154817045, guid: f57338bfb7ae94141bdb806411e69443, type: 3}
      propertyPath: m_LocalRotation.y
      value: 1
      objectReference: {fileID: 0}
    - target: {fileID: -8679921383154817045, guid: f57338bfb7ae94141bdb806411e69443, type: 3}
      propertyPath: m_LocalRotation.z
      value: 6.123235e-17
      objectReference: {fileID: 0}
    - target: {fileID: -8679921383154817045, guid: f57338bfb7ae94141bdb806411e69443, type: 3}
      propertyPath: m_LocalEulerAnglesHint.x
      value: 0
      objectReference: {fileID: 0}
    - target: {fileID: -8679921383154817045, guid: f57338bfb7ae94141bdb806411e69443, type: 3}
      propertyPath: m_LocalEulerAnglesHint.y
      value: 0
      objectReference: {fileID: 0}
    - target: {fileID: -8679921383154817045, guid: f57338bfb7ae94141bdb806411e69443, type: 3}
      propertyPath: m_LocalEulerAnglesHint.z
      value: 0
      objectReference: {fileID: 0}
    - target: {fileID: 919132149155446097, guid: f57338bfb7ae94141bdb806411e69443, type: 3}
      propertyPath: m_Name
      value: Farm_Fence_half (9)
      objectReference: {fileID: 0}
    m_RemovedComponents: []
  m_SourcePrefab: {fileID: 100100000, guid: f57338bfb7ae94141bdb806411e69443, type: 3}
--- !u!4 &4932931069987525998 stripped
Transform:
  m_CorrespondingSourceObject: {fileID: -8679921383154817045, guid: f57338bfb7ae94141bdb806411e69443, type: 3}
  m_PrefabInstance: {fileID: 4899903000164004485}
  m_PrefabAsset: {fileID: 0}
--- !u!1001 &4899903000335961168
PrefabInstance:
  m_ObjectHideFlags: 0
  serializedVersion: 2
  m_Modification:
    m_TransformParent: {fileID: 8658225066497936067}
    m_Modifications:
    - target: {fileID: -8679921383154817045, guid: f57338bfb7ae94141bdb806411e69443, type: 3}
      propertyPath: m_RootOrder
      value: 20
      objectReference: {fileID: 0}
    - target: {fileID: -8679921383154817045, guid: f57338bfb7ae94141bdb806411e69443, type: 3}
      propertyPath: m_LocalPosition.x
      value: 19.341095
      objectReference: {fileID: 0}
    - target: {fileID: -8679921383154817045, guid: f57338bfb7ae94141bdb806411e69443, type: 3}
      propertyPath: m_LocalPosition.y
      value: 2.58
      objectReference: {fileID: 0}
    - target: {fileID: -8679921383154817045, guid: f57338bfb7ae94141bdb806411e69443, type: 3}
      propertyPath: m_LocalPosition.z
      value: -4.814911
      objectReference: {fileID: 0}
    - target: {fileID: -8679921383154817045, guid: f57338bfb7ae94141bdb806411e69443, type: 3}
      propertyPath: m_LocalRotation.w
      value: 0.7071059
      objectReference: {fileID: 0}
    - target: {fileID: -8679921383154817045, guid: f57338bfb7ae94141bdb806411e69443, type: 3}
      propertyPath: m_LocalRotation.x
      value: -8.6595626e-17
      objectReference: {fileID: 0}
    - target: {fileID: -8679921383154817045, guid: f57338bfb7ae94141bdb806411e69443, type: 3}
      propertyPath: m_LocalRotation.y
      value: 0.7071077
      objectReference: {fileID: 0}
    - target: {fileID: -8679921383154817045, guid: f57338bfb7ae94141bdb806411e69443, type: 3}
      propertyPath: m_LocalRotation.z
      value: 1.3400326e-22
      objectReference: {fileID: 0}
    - target: {fileID: -8679921383154817045, guid: f57338bfb7ae94141bdb806411e69443, type: 3}
      propertyPath: m_LocalEulerAnglesHint.x
      value: 0
      objectReference: {fileID: 0}
    - target: {fileID: -8679921383154817045, guid: f57338bfb7ae94141bdb806411e69443, type: 3}
      propertyPath: m_LocalEulerAnglesHint.y
      value: 90
      objectReference: {fileID: 0}
    - target: {fileID: -8679921383154817045, guid: f57338bfb7ae94141bdb806411e69443, type: 3}
      propertyPath: m_LocalEulerAnglesHint.z
      value: 0
      objectReference: {fileID: 0}
    - target: {fileID: 919132149155446097, guid: f57338bfb7ae94141bdb806411e69443, type: 3}
      propertyPath: m_Name
      value: Farm_Fence_half (19)
      objectReference: {fileID: 0}
    m_RemovedComponents: []
  m_SourcePrefab: {fileID: 100100000, guid: f57338bfb7ae94141bdb806411e69443, type: 3}
--- !u!4 &4932931069823953851 stripped
Transform:
  m_CorrespondingSourceObject: {fileID: -8679921383154817045, guid: f57338bfb7ae94141bdb806411e69443, type: 3}
  m_PrefabInstance: {fileID: 4899903000335961168}
  m_PrefabAsset: {fileID: 0}
--- !u!1001 &4899903000347523686
PrefabInstance:
  m_ObjectHideFlags: 0
  serializedVersion: 2
  m_Modification:
    m_TransformParent: {fileID: 8658225066497936067}
    m_Modifications:
    - target: {fileID: -8679921383154817045, guid: f57338bfb7ae94141bdb806411e69443, type: 3}
      propertyPath: m_RootOrder
      value: 22
      objectReference: {fileID: 0}
    - target: {fileID: -8679921383154817045, guid: f57338bfb7ae94141bdb806411e69443, type: 3}
      propertyPath: m_LocalPosition.x
      value: 19.341076
      objectReference: {fileID: 0}
    - target: {fileID: -8679921383154817045, guid: f57338bfb7ae94141bdb806411e69443, type: 3}
      propertyPath: m_LocalPosition.y
      value: 2.58
      objectReference: {fileID: 0}
    - target: {fileID: -8679921383154817045, guid: f57338bfb7ae94141bdb806411e69443, type: 3}
      propertyPath: m_LocalPosition.z
      value: -13.744965
      objectReference: {fileID: 0}
    - target: {fileID: -8679921383154817045, guid: f57338bfb7ae94141bdb806411e69443, type: 3}
      propertyPath: m_LocalRotation.w
      value: 0.7071059
      objectReference: {fileID: 0}
    - target: {fileID: -8679921383154817045, guid: f57338bfb7ae94141bdb806411e69443, type: 3}
      propertyPath: m_LocalRotation.x
      value: -8.6595626e-17
      objectReference: {fileID: 0}
    - target: {fileID: -8679921383154817045, guid: f57338bfb7ae94141bdb806411e69443, type: 3}
      propertyPath: m_LocalRotation.y
      value: 0.7071077
      objectReference: {fileID: 0}
    - target: {fileID: -8679921383154817045, guid: f57338bfb7ae94141bdb806411e69443, type: 3}
      propertyPath: m_LocalRotation.z
      value: 1.3400326e-22
      objectReference: {fileID: 0}
    - target: {fileID: -8679921383154817045, guid: f57338bfb7ae94141bdb806411e69443, type: 3}
      propertyPath: m_LocalEulerAnglesHint.x
      value: 0
      objectReference: {fileID: 0}
    - target: {fileID: -8679921383154817045, guid: f57338bfb7ae94141bdb806411e69443, type: 3}
      propertyPath: m_LocalEulerAnglesHint.y
      value: 90
      objectReference: {fileID: 0}
    - target: {fileID: -8679921383154817045, guid: f57338bfb7ae94141bdb806411e69443, type: 3}
      propertyPath: m_LocalEulerAnglesHint.z
      value: 0
      objectReference: {fileID: 0}
    - target: {fileID: 919132149155446097, guid: f57338bfb7ae94141bdb806411e69443, type: 3}
      propertyPath: m_Name
      value: Farm_Fence_half (17)
      objectReference: {fileID: 0}
    m_RemovedComponents: []
  m_SourcePrefab: {fileID: 100100000, guid: f57338bfb7ae94141bdb806411e69443, type: 3}
--- !u!4 &4932931069837630861 stripped
Transform:
  m_CorrespondingSourceObject: {fileID: -8679921383154817045, guid: f57338bfb7ae94141bdb806411e69443, type: 3}
  m_PrefabInstance: {fileID: 4899903000347523686}
  m_PrefabAsset: {fileID: 0}
--- !u!1001 &4899903000617225587
PrefabInstance:
  m_ObjectHideFlags: 0
  serializedVersion: 2
  m_Modification:
    m_TransformParent: {fileID: 8658225066497936067}
    m_Modifications:
    - target: {fileID: -8679921383154817045, guid: f57338bfb7ae94141bdb806411e69443, type: 3}
      propertyPath: m_RootOrder
      value: 18
      objectReference: {fileID: 0}
    - target: {fileID: -8679921383154817045, guid: f57338bfb7ae94141bdb806411e69443, type: 3}
      propertyPath: m_LocalPosition.x
      value: -10.070001
      objectReference: {fileID: 0}
    - target: {fileID: -8679921383154817045, guid: f57338bfb7ae94141bdb806411e69443, type: 3}
      propertyPath: m_LocalPosition.y
      value: 2.58
      objectReference: {fileID: 0}
    - target: {fileID: -8679921383154817045, guid: f57338bfb7ae94141bdb806411e69443, type: 3}
      propertyPath: m_LocalPosition.z
      value: -13.700012
      objectReference: {fileID: 0}
    - target: {fileID: -8679921383154817045, guid: f57338bfb7ae94141bdb806411e69443, type: 3}
      propertyPath: m_LocalRotation.w
      value: 0.00000019470718
      objectReference: {fileID: 0}
    - target: {fileID: -8679921383154817045, guid: f57338bfb7ae94141bdb806411e69443, type: 3}
      propertyPath: m_LocalRotation.x
      value: -6.123235e-17
      objectReference: {fileID: 0}
    - target: {fileID: -8679921383154817045, guid: f57338bfb7ae94141bdb806411e69443, type: 3}
      propertyPath: m_LocalRotation.y
      value: 1
      objectReference: {fileID: 0}
    - target: {fileID: -8679921383154817045, guid: f57338bfb7ae94141bdb806411e69443, type: 3}
      propertyPath: m_LocalRotation.z
      value: 6.123235e-17
      objectReference: {fileID: 0}
    - target: {fileID: -8679921383154817045, guid: f57338bfb7ae94141bdb806411e69443, type: 3}
      propertyPath: m_LocalEulerAnglesHint.x
      value: 0
      objectReference: {fileID: 0}
    - target: {fileID: -8679921383154817045, guid: f57338bfb7ae94141bdb806411e69443, type: 3}
      propertyPath: m_LocalEulerAnglesHint.y
      value: 0
      objectReference: {fileID: 0}
    - target: {fileID: -8679921383154817045, guid: f57338bfb7ae94141bdb806411e69443, type: 3}
      propertyPath: m_LocalEulerAnglesHint.z
      value: 0
      objectReference: {fileID: 0}
    - target: {fileID: 919132149155446097, guid: f57338bfb7ae94141bdb806411e69443, type: 3}
      propertyPath: m_Name
      value: Farm_Fence_half (11)
      objectReference: {fileID: 0}
    m_RemovedComponents: []
  m_SourcePrefab: {fileID: 100100000, guid: f57338bfb7ae94141bdb806411e69443, type: 3}
--- !u!4 &4932931069567855256 stripped
Transform:
  m_CorrespondingSourceObject: {fileID: -8679921383154817045, guid: f57338bfb7ae94141bdb806411e69443, type: 3}
  m_PrefabInstance: {fileID: 4899903000617225587}
  m_PrefabAsset: {fileID: 0}
--- !u!1001 &4899903000617300066
PrefabInstance:
  m_ObjectHideFlags: 0
  serializedVersion: 2
  m_Modification:
    m_TransformParent: {fileID: 8658225066497936067}
    m_Modifications:
    - target: {fileID: -8679921383154817045, guid: f57338bfb7ae94141bdb806411e69443, type: 3}
      propertyPath: m_RootOrder
      value: 14
      objectReference: {fileID: 0}
    - target: {fileID: -8679921383154817045, guid: f57338bfb7ae94141bdb806411e69443, type: 3}
      propertyPath: m_LocalPosition.x
      value: -14.500001
      objectReference: {fileID: 0}
    - target: {fileID: -8679921383154817045, guid: f57338bfb7ae94141bdb806411e69443, type: 3}
      propertyPath: m_LocalPosition.y
      value: 2.58
      objectReference: {fileID: 0}
    - target: {fileID: -8679921383154817045, guid: f57338bfb7ae94141bdb806411e69443, type: 3}
      propertyPath: m_LocalPosition.z
      value: -13.700012
      objectReference: {fileID: 0}
    - target: {fileID: -8679921383154817045, guid: f57338bfb7ae94141bdb806411e69443, type: 3}
      propertyPath: m_LocalRotation.w
      value: 0.00000019470718
      objectReference: {fileID: 0}
    - target: {fileID: -8679921383154817045, guid: f57338bfb7ae94141bdb806411e69443, type: 3}
      propertyPath: m_LocalRotation.x
      value: -6.123235e-17
      objectReference: {fileID: 0}
    - target: {fileID: -8679921383154817045, guid: f57338bfb7ae94141bdb806411e69443, type: 3}
      propertyPath: m_LocalRotation.y
      value: 1
      objectReference: {fileID: 0}
    - target: {fileID: -8679921383154817045, guid: f57338bfb7ae94141bdb806411e69443, type: 3}
      propertyPath: m_LocalRotation.z
      value: 6.123235e-17
      objectReference: {fileID: 0}
    - target: {fileID: -8679921383154817045, guid: f57338bfb7ae94141bdb806411e69443, type: 3}
      propertyPath: m_LocalEulerAnglesHint.x
      value: 0
      objectReference: {fileID: 0}
    - target: {fileID: -8679921383154817045, guid: f57338bfb7ae94141bdb806411e69443, type: 3}
      propertyPath: m_LocalEulerAnglesHint.y
      value: 0
      objectReference: {fileID: 0}
    - target: {fileID: -8679921383154817045, guid: f57338bfb7ae94141bdb806411e69443, type: 3}
      propertyPath: m_LocalEulerAnglesHint.z
      value: 0
      objectReference: {fileID: 0}
    - target: {fileID: 919132149155446097, guid: f57338bfb7ae94141bdb806411e69443, type: 3}
      propertyPath: m_Name
      value: Farm_Fence_half (10)
      objectReference: {fileID: 0}
    m_RemovedComponents: []
  m_SourcePrefab: {fileID: 100100000, guid: f57338bfb7ae94141bdb806411e69443, type: 3}
--- !u!4 &4932931069568046985 stripped
Transform:
  m_CorrespondingSourceObject: {fileID: -8679921383154817045, guid: f57338bfb7ae94141bdb806411e69443, type: 3}
  m_PrefabInstance: {fileID: 4899903000617300066}
  m_PrefabAsset: {fileID: 0}
--- !u!1001 &4899903000662906667
PrefabInstance:
  m_ObjectHideFlags: 0
  serializedVersion: 2
  m_Modification:
    m_TransformParent: {fileID: 8658225066497936067}
    m_Modifications:
    - target: {fileID: -8679921383154817045, guid: b52fb9683feff214888a7be4dcc66bd8, type: 3}
      propertyPath: m_RootOrder
      value: 5
      objectReference: {fileID: 0}
    - target: {fileID: -8679921383154817045, guid: b52fb9683feff214888a7be4dcc66bd8, type: 3}
      propertyPath: m_LocalScale.x
      value: 1
      objectReference: {fileID: 0}
    - target: {fileID: -8679921383154817045, guid: b52fb9683feff214888a7be4dcc66bd8, type: 3}
      propertyPath: m_LocalScale.y
      value: 1
      objectReference: {fileID: 0}
    - target: {fileID: -8679921383154817045, guid: b52fb9683feff214888a7be4dcc66bd8, type: 3}
      propertyPath: m_LocalPosition.x
      value: -22.53
      objectReference: {fileID: 0}
    - target: {fileID: -8679921383154817045, guid: b52fb9683feff214888a7be4dcc66bd8, type: 3}
      propertyPath: m_LocalPosition.y
      value: 0.62
      objectReference: {fileID: 0}
    - target: {fileID: -8679921383154817045, guid: b52fb9683feff214888a7be4dcc66bd8, type: 3}
      propertyPath: m_LocalPosition.z
      value: -4.8900146
      objectReference: {fileID: 0}
    - target: {fileID: -8679921383154817045, guid: b52fb9683feff214888a7be4dcc66bd8, type: 3}
      propertyPath: m_LocalRotation.w
      value: 0.99960536
      objectReference: {fileID: 0}
    - target: {fileID: -8679921383154817045, guid: b52fb9683feff214888a7be4dcc66bd8, type: 3}
      propertyPath: m_LocalRotation.x
      value: -0
      objectReference: {fileID: 0}
    - target: {fileID: -8679921383154817045, guid: b52fb9683feff214888a7be4dcc66bd8, type: 3}
      propertyPath: m_LocalRotation.y
      value: -0
      objectReference: {fileID: 0}
    - target: {fileID: -8679921383154817045, guid: b52fb9683feff214888a7be4dcc66bd8, type: 3}
      propertyPath: m_LocalRotation.z
      value: 0.028091973
      objectReference: {fileID: 0}
    - target: {fileID: -8679921383154817045, guid: b52fb9683feff214888a7be4dcc66bd8, type: 3}
      propertyPath: m_LocalEulerAnglesHint.x
      value: 0
      objectReference: {fileID: 0}
    - target: {fileID: -8679921383154817045, guid: b52fb9683feff214888a7be4dcc66bd8, type: 3}
      propertyPath: m_LocalEulerAnglesHint.y
      value: 0
      objectReference: {fileID: 0}
    - target: {fileID: -8679921383154817045, guid: b52fb9683feff214888a7be4dcc66bd8, type: 3}
      propertyPath: m_LocalEulerAnglesHint.z
      value: 3.22
      objectReference: {fileID: 0}
    - target: {fileID: 919132149155446097, guid: b52fb9683feff214888a7be4dcc66bd8, type: 3}
      propertyPath: m_Name
      value: Hay_2
      objectReference: {fileID: 0}
    m_RemovedComponents: []
  m_SourcePrefab: {fileID: 100100000, guid: b52fb9683feff214888a7be4dcc66bd8, type: 3}
--- !u!4 &4932931069497274560 stripped
Transform:
  m_CorrespondingSourceObject: {fileID: -8679921383154817045, guid: b52fb9683feff214888a7be4dcc66bd8, type: 3}
  m_PrefabInstance: {fileID: 4899903000662906667}
  m_PrefabAsset: {fileID: 0}
--- !u!1001 &5058458527091695540
PrefabInstance:
  m_ObjectHideFlags: 0
  serializedVersion: 2
  m_Modification:
    m_TransformParent: {fileID: 8658225066497936067}
    m_Modifications:
    - target: {fileID: -8679921383154817045, guid: b52fb9683feff214888a7be4dcc66bd8, type: 3}
      propertyPath: m_RootOrder
      value: 29
      objectReference: {fileID: 0}
    - target: {fileID: -8679921383154817045, guid: b52fb9683feff214888a7be4dcc66bd8, type: 3}
      propertyPath: m_LocalScale.x
      value: 1
      objectReference: {fileID: 0}
    - target: {fileID: -8679921383154817045, guid: b52fb9683feff214888a7be4dcc66bd8, type: 3}
      propertyPath: m_LocalScale.y
      value: 1
      objectReference: {fileID: 0}
    - target: {fileID: -8679921383154817045, guid: b52fb9683feff214888a7be4dcc66bd8, type: 3}
      propertyPath: m_LocalPosition.x
      value: -19.400002
      objectReference: {fileID: 0}
    - target: {fileID: -8679921383154817045, guid: b52fb9683feff214888a7be4dcc66bd8, type: 3}
      propertyPath: m_LocalPosition.y
      value: 0.52
      objectReference: {fileID: 0}
    - target: {fileID: -8679921383154817045, guid: b52fb9683feff214888a7be4dcc66bd8, type: 3}
      propertyPath: m_LocalPosition.z
      value: -11.970001
      objectReference: {fileID: 0}
    - target: {fileID: -8679921383154817045, guid: b52fb9683feff214888a7be4dcc66bd8, type: 3}
      propertyPath: m_LocalRotation.w
      value: 0.61992514
      objectReference: {fileID: 0}
    - target: {fileID: -8679921383154817045, guid: b52fb9683feff214888a7be4dcc66bd8, type: 3}
      propertyPath: m_LocalRotation.x
      value: -0.022037245
      objectReference: {fileID: 0}
    - target: {fileID: -8679921383154817045, guid: b52fb9683feff214888a7be4dcc66bd8, type: 3}
      propertyPath: m_LocalRotation.y
      value: -0.784158
      objectReference: {fileID: 0}
    - target: {fileID: -8679921383154817045, guid: b52fb9683feff214888a7be4dcc66bd8, type: 3}
      propertyPath: m_LocalRotation.z
      value: 0.017421816
      objectReference: {fileID: 0}
    - target: {fileID: -8679921383154817045, guid: b52fb9683feff214888a7be4dcc66bd8, type: 3}
      propertyPath: m_LocalEulerAnglesHint.x
      value: 0
      objectReference: {fileID: 0}
    - target: {fileID: -8679921383154817045, guid: b52fb9683feff214888a7be4dcc66bd8, type: 3}
      propertyPath: m_LocalEulerAnglesHint.y
      value: -103.343
      objectReference: {fileID: 0}
    - target: {fileID: -8679921383154817045, guid: b52fb9683feff214888a7be4dcc66bd8, type: 3}
      propertyPath: m_LocalEulerAnglesHint.z
      value: 3.22
      objectReference: {fileID: 0}
    - target: {fileID: 919132149155446097, guid: b52fb9683feff214888a7be4dcc66bd8, type: 3}
      propertyPath: m_Name
      value: Hay_2 (3)
      objectReference: {fileID: 0}
    m_RemovedComponents: []
  m_SourcePrefab: {fileID: 100100000, guid: b52fb9683feff214888a7be4dcc66bd8, type: 3}
--- !u!4 &4736089470152341599 stripped
Transform:
  m_CorrespondingSourceObject: {fileID: -8679921383154817045, guid: b52fb9683feff214888a7be4dcc66bd8, type: 3}
  m_PrefabInstance: {fileID: 5058458527091695540}
  m_PrefabAsset: {fileID: 0}
--- !u!1001 &5313868564115932146
PrefabInstance:
  m_ObjectHideFlags: 0
  serializedVersion: 2
  m_Modification:
    m_TransformParent: {fileID: 8658225066497936067}
    m_Modifications:
    - target: {fileID: -8679921383154817045, guid: b52fb9683feff214888a7be4dcc66bd8, type: 3}
      propertyPath: m_RootOrder
      value: 26
      objectReference: {fileID: 0}
    - target: {fileID: -8679921383154817045, guid: b52fb9683feff214888a7be4dcc66bd8, type: 3}
      propertyPath: m_LocalScale.x
      value: 1
      objectReference: {fileID: 0}
    - target: {fileID: -8679921383154817045, guid: b52fb9683feff214888a7be4dcc66bd8, type: 3}
      propertyPath: m_LocalScale.y
      value: 2.3052998
      objectReference: {fileID: 0}
    - target: {fileID: -8679921383154817045, guid: b52fb9683feff214888a7be4dcc66bd8, type: 3}
      propertyPath: m_LocalPosition.x
      value: -25.29
      objectReference: {fileID: 0}
    - target: {fileID: -8679921383154817045, guid: b52fb9683feff214888a7be4dcc66bd8, type: 3}
      propertyPath: m_LocalPosition.y
      value: 0.38
      objectReference: {fileID: 0}
    - target: {fileID: -8679921383154817045, guid: b52fb9683feff214888a7be4dcc66bd8, type: 3}
      propertyPath: m_LocalPosition.z
      value: -11.899994
      objectReference: {fileID: 0}
    - target: {fileID: -8679921383154817045, guid: b52fb9683feff214888a7be4dcc66bd8, type: 3}
      propertyPath: m_LocalRotation.w
      value: 0.99960536
      objectReference: {fileID: 0}
    - target: {fileID: -8679921383154817045, guid: b52fb9683feff214888a7be4dcc66bd8, type: 3}
      propertyPath: m_LocalRotation.x
      value: -0
      objectReference: {fileID: 0}
    - target: {fileID: -8679921383154817045, guid: b52fb9683feff214888a7be4dcc66bd8, type: 3}
      propertyPath: m_LocalRotation.y
      value: -0
      objectReference: {fileID: 0}
    - target: {fileID: -8679921383154817045, guid: b52fb9683feff214888a7be4dcc66bd8, type: 3}
      propertyPath: m_LocalRotation.z
      value: 0.028091973
      objectReference: {fileID: 0}
    - target: {fileID: -8679921383154817045, guid: b52fb9683feff214888a7be4dcc66bd8, type: 3}
      propertyPath: m_LocalEulerAnglesHint.x
      value: 0
      objectReference: {fileID: 0}
    - target: {fileID: -8679921383154817045, guid: b52fb9683feff214888a7be4dcc66bd8, type: 3}
      propertyPath: m_LocalEulerAnglesHint.y
      value: 0
      objectReference: {fileID: 0}
    - target: {fileID: -8679921383154817045, guid: b52fb9683feff214888a7be4dcc66bd8, type: 3}
      propertyPath: m_LocalEulerAnglesHint.z
      value: 3.22
      objectReference: {fileID: 0}
    - target: {fileID: 919132149155446097, guid: b52fb9683feff214888a7be4dcc66bd8, type: 3}
      propertyPath: m_Name
      value: Hay_2 (1)
      objectReference: {fileID: 0}
    m_RemovedComponents: []
  m_SourcePrefab: {fileID: 100100000, guid: b52fb9683feff214888a7be4dcc66bd8, type: 3}
--- !u!4 &5635162239976842265 stripped
Transform:
  m_CorrespondingSourceObject: {fileID: -8679921383154817045, guid: b52fb9683feff214888a7be4dcc66bd8, type: 3}
  m_PrefabInstance: {fileID: 5313868564115932146}
  m_PrefabAsset: {fileID: 0}
--- !u!1001 &6455879645723460768
PrefabInstance:
  m_ObjectHideFlags: 0
  serializedVersion: 2
  m_Modification:
    m_TransformParent: {fileID: 8658225066497936067}
    m_Modifications:
    - target: {fileID: -8679921383154817045, guid: fcc503e1195b5064d9115ebceecb0526, type: 3}
      propertyPath: m_RootOrder
      value: 28
      objectReference: {fileID: 0}
    - target: {fileID: -8679921383154817045, guid: fcc503e1195b5064d9115ebceecb0526, type: 3}
      propertyPath: m_LocalScale.x
      value: 1
      objectReference: {fileID: 0}
    - target: {fileID: -8679921383154817045, guid: fcc503e1195b5064d9115ebceecb0526, type: 3}
      propertyPath: m_LocalScale.y
      value: 1
      objectReference: {fileID: 0}
    - target: {fileID: -8679921383154817045, guid: fcc503e1195b5064d9115ebceecb0526, type: 3}
      propertyPath: m_LocalPosition.x
      value: -17.650002
      objectReference: {fileID: 0}
    - target: {fileID: -8679921383154817045, guid: fcc503e1195b5064d9115ebceecb0526, type: 3}
      propertyPath: m_LocalPosition.y
      value: 0.110000014
      objectReference: {fileID: 0}
    - target: {fileID: -8679921383154817045, guid: fcc503e1195b5064d9115ebceecb0526, type: 3}
      propertyPath: m_LocalPosition.z
      value: -11.769989
      objectReference: {fileID: 0}
    - target: {fileID: -8679921383154817045, guid: fcc503e1195b5064d9115ebceecb0526, type: 3}
      propertyPath: m_LocalRotation.w
      value: 0.9466475
      objectReference: {fileID: 0}
    - target: {fileID: -8679921383154817045, guid: fcc503e1195b5064d9115ebceecb0526, type: 3}
      propertyPath: m_LocalRotation.x
      value: 0.015362616
      objectReference: {fileID: 0}
    - target: {fileID: -8679921383154817045, guid: fcc503e1195b5064d9115ebceecb0526, type: 3}
      propertyPath: m_LocalRotation.y
      value: 0.31865284
      objectReference: {fileID: 0}
    - target: {fileID: -8679921383154817045, guid: fcc503e1195b5064d9115ebceecb0526, type: 3}
      propertyPath: m_LocalRotation.z
      value: 0.045638964
      objectReference: {fileID: 0}
    - target: {fileID: -8679921383154817045, guid: fcc503e1195b5064d9115ebceecb0526, type: 3}
      propertyPath: m_LocalEulerAnglesHint.x
      value: 0
      objectReference: {fileID: 0}
    - target: {fileID: -8679921383154817045, guid: fcc503e1195b5064d9115ebceecb0526, type: 3}
      propertyPath: m_LocalEulerAnglesHint.y
      value: 37.208
      objectReference: {fileID: 0}
    - target: {fileID: -8679921383154817045, guid: fcc503e1195b5064d9115ebceecb0526, type: 3}
      propertyPath: m_LocalEulerAnglesHint.z
      value: 5.52
      objectReference: {fileID: 0}
    - target: {fileID: 919132149155446097, guid: fcc503e1195b5064d9115ebceecb0526, type: 3}
      propertyPath: m_Name
      value: Hay_1 (1)
      objectReference: {fileID: 0}
    m_RemovedComponents: []
  m_SourcePrefab: {fileID: 100100000, guid: fcc503e1195b5064d9115ebceecb0526, type: 3}
--- !u!4 &6781679041255105355 stripped
Transform:
  m_CorrespondingSourceObject: {fileID: -8679921383154817045, guid: fcc503e1195b5064d9115ebceecb0526, type: 3}
  m_PrefabInstance: {fileID: 6455879645723460768}
  m_PrefabAsset: {fileID: 0}
--- !u!1001 &7229707277439270333
PrefabInstance:
  m_ObjectHideFlags: 0
  serializedVersion: 2
  m_Modification:
    m_TransformParent: {fileID: 8658225066497936067}
    m_Modifications:
    - target: {fileID: -8679921383154817045, guid: f57338bfb7ae94141bdb806411e69443, type: 3}
      propertyPath: m_RootOrder
      value: 25
      objectReference: {fileID: 0}
    - target: {fileID: -8679921383154817045, guid: f57338bfb7ae94141bdb806411e69443, type: 3}
      propertyPath: m_LocalPosition.x
      value: 19.341213
      objectReference: {fileID: 0}
    - target: {fileID: -8679921383154817045, guid: f57338bfb7ae94141bdb806411e69443, type: 3}
      propertyPath: m_LocalPosition.y
      value: 2.58
      objectReference: {fileID: 0}
    - target: {fileID: -8679921383154817045, guid: f57338bfb7ae94141bdb806411e69443, type: 3}
      propertyPath: m_LocalPosition.z
      value: 8.405121
      objectReference: {fileID: 0}
    - target: {fileID: -8679921383154817045, guid: f57338bfb7ae94141bdb806411e69443, type: 3}
      propertyPath: m_LocalRotation.w
      value: 0.7071059
      objectReference: {fileID: 0}
    - target: {fileID: -8679921383154817045, guid: f57338bfb7ae94141bdb806411e69443, type: 3}
      propertyPath: m_LocalRotation.x
      value: -8.6595626e-17
      objectReference: {fileID: 0}
    - target: {fileID: -8679921383154817045, guid: f57338bfb7ae94141bdb806411e69443, type: 3}
      propertyPath: m_LocalRotation.y
      value: 0.7071077
      objectReference: {fileID: 0}
    - target: {fileID: -8679921383154817045, guid: f57338bfb7ae94141bdb806411e69443, type: 3}
      propertyPath: m_LocalRotation.z
      value: 1.3400326e-22
      objectReference: {fileID: 0}
    - target: {fileID: -8679921383154817045, guid: f57338bfb7ae94141bdb806411e69443, type: 3}
      propertyPath: m_LocalEulerAnglesHint.x
      value: 0
      objectReference: {fileID: 0}
    - target: {fileID: -8679921383154817045, guid: f57338bfb7ae94141bdb806411e69443, type: 3}
      propertyPath: m_LocalEulerAnglesHint.y
      value: 90
      objectReference: {fileID: 0}
    - target: {fileID: -8679921383154817045, guid: f57338bfb7ae94141bdb806411e69443, type: 3}
      propertyPath: m_LocalEulerAnglesHint.z
      value: 0
      objectReference: {fileID: 0}
    - target: {fileID: 919132149155446097, guid: f57338bfb7ae94141bdb806411e69443, type: 3}
      propertyPath: m_Name
      value: Farm_Fence_half (22)
      objectReference: {fileID: 0}
    m_RemovedComponents: []
  m_SourcePrefab: {fileID: 100100000, guid: f57338bfb7ae94141bdb806411e69443, type: 3}
--- !u!4 &7196660995193805398 stripped
Transform:
  m_CorrespondingSourceObject: {fileID: -8679921383154817045, guid: f57338bfb7ae94141bdb806411e69443, type: 3}
  m_PrefabInstance: {fileID: 7229707277439270333}
  m_PrefabAsset: {fileID: 0}
--- !u!1001 &7526493594602366191
PrefabInstance:
  m_ObjectHideFlags: 0
  serializedVersion: 2
  m_Modification:
    m_TransformParent: {fileID: 8658225066497936067}
    m_Modifications:
    - target: {fileID: -8679921383154817045, guid: b52fb9683feff214888a7be4dcc66bd8, type: 3}
      propertyPath: m_RootOrder
      value: 31
      objectReference: {fileID: 0}
    - target: {fileID: -8679921383154817045, guid: b52fb9683feff214888a7be4dcc66bd8, type: 3}
      propertyPath: m_LocalScale.x
      value: 0.7525199
      objectReference: {fileID: 0}
    - target: {fileID: -8679921383154817045, guid: b52fb9683feff214888a7be4dcc66bd8, type: 3}
      propertyPath: m_LocalScale.y
      value: 1.6200647
      objectReference: {fileID: 0}
    - target: {fileID: -8679921383154817045, guid: b52fb9683feff214888a7be4dcc66bd8, type: 3}
      propertyPath: m_LocalScale.z
      value: 0.75252
      objectReference: {fileID: 0}
    - target: {fileID: -8679921383154817045, guid: b52fb9683feff214888a7be4dcc66bd8, type: 3}
      propertyPath: m_LocalPosition.x
      value: -21.300001
      objectReference: {fileID: 0}
    - target: {fileID: -8679921383154817045, guid: b52fb9683feff214888a7be4dcc66bd8, type: 3}
      propertyPath: m_LocalPosition.y
      value: 0.19550002
      objectReference: {fileID: 0}
    - target: {fileID: -8679921383154817045, guid: b52fb9683feff214888a7be4dcc66bd8, type: 3}
      propertyPath: m_LocalPosition.z
      value: -4.549988
      objectReference: {fileID: 0}
    - target: {fileID: -8679921383154817045, guid: b52fb9683feff214888a7be4dcc66bd8, type: 3}
      propertyPath: m_LocalRotation.w
      value: 0.8028397
      objectReference: {fileID: 0}
    - target: {fileID: -8679921383154817045, guid: b52fb9683feff214888a7be4dcc66bd8, type: 3}
      propertyPath: m_LocalRotation.x
      value: 0.0155289695
      objectReference: {fileID: 0}
    - target: {fileID: -8679921383154817045, guid: b52fb9683feff214888a7be4dcc66bd8, type: 3}
      propertyPath: m_LocalRotation.y
      value: 0.5955994
      objectReference: {fileID: 0}
    - target: {fileID: -8679921383154817045, guid: b52fb9683feff214888a7be4dcc66bd8, type: 3}
      propertyPath: m_LocalRotation.z
      value: 0.021647649
      objectReference: {fileID: 0}
    - target: {fileID: -8679921383154817045, guid: b52fb9683feff214888a7be4dcc66bd8, type: 3}
      propertyPath: m_LocalEulerAnglesHint.x
      value: -0.049
      objectReference: {fileID: 0}
    - target: {fileID: -8679921383154817045, guid: b52fb9683feff214888a7be4dcc66bd8, type: 3}
      propertyPath: m_LocalEulerAnglesHint.y
      value: 73.14
      objectReference: {fileID: 0}
    - target: {fileID: -8679921383154817045, guid: b52fb9683feff214888a7be4dcc66bd8, type: 3}
      propertyPath: m_LocalEulerAnglesHint.z
      value: 3.053
      objectReference: {fileID: 0}
    - target: {fileID: 919132149155446097, guid: b52fb9683feff214888a7be4dcc66bd8, type: 3}
      propertyPath: m_Name
      value: Hay_2 (5)
      objectReference: {fileID: 0}
    m_RemovedComponents: []
  m_SourcePrefab: {fileID: 100100000, guid: b52fb9683feff214888a7be4dcc66bd8, type: 3}
--- !u!4 &8068695099258405636 stripped
Transform:
  m_CorrespondingSourceObject: {fileID: -8679921383154817045, guid: b52fb9683feff214888a7be4dcc66bd8, type: 3}
  m_PrefabInstance: {fileID: 7526493594602366191}
  m_PrefabAsset: {fileID: 0}
