%YAML 1.1
%TAG !u! tag:unity3d.com,2011:
--- !u!29 &1
OcclusionCullingSettings:
  m_ObjectHideFlags: 0
  serializedVersion: 2
  m_OcclusionBakeSettings:
    smallestOccluder: 5
    smallestHole: 0.25
    backfaceThreshold: 100
  m_SceneGUID: 00000000000000000000000000000000
  m_OcclusionCullingData: {fileID: 0}
--- !u!104 &2
RenderSettings:
  m_ObjectHideFlags: 0
  serializedVersion: 9
  m_Fog: 0
  m_FogColor: {r: 0.5, g: 0.5, b: 0.5, a: 1}
  m_FogMode: 3
  m_FogDensity: 0.01
  m_LinearFogStart: 0
  m_LinearFogEnd: 300
  m_AmbientSkyColor: {r: 0.212, g: 0.227, b: 0.259, a: 1}
  m_AmbientEquatorColor: {r: 0.114, g: 0.125, b: 0.133, a: 1}
  m_AmbientGroundColor: {r: 0.047, g: 0.043, b: 0.035, a: 1}
  m_AmbientIntensity: 1
  m_AmbientMode: 0
  m_SubtractiveShadowColor: {r: 0.42, g: 0.478, b: 0.627, a: 1}
  m_SkyboxMaterial: {fileID: 10304, guid: 0000000000000000f000000000000000, type: 0}
  m_HaloStrength: 0.5
  m_FlareStrength: 1
  m_FlareFadeSpeed: 3
  m_HaloTexture: {fileID: 0}
  m_SpotCookie: {fileID: 10001, guid: 0000000000000000e000000000000000, type: 0}
  m_DefaultReflectionMode: 0
  m_DefaultReflectionResolution: 128
  m_ReflectionBounces: 1
  m_ReflectionIntensity: 1
  m_CustomReflection: {fileID: 0}
  m_Sun: {fileID: 705507994}
  m_IndirectSpecularColor: {r: 0.44657898, g: 0.4964133, b: 0.5748178, a: 1}
  m_UseRadianceAmbientProbe: 0
--- !u!157 &3
LightmapSettings:
  m_ObjectHideFlags: 0
  serializedVersion: 12
  m_GIWorkflowMode: 1
  m_GISettings:
    serializedVersion: 2
    m_BounceScale: 1
    m_IndirectOutputScale: 1
    m_AlbedoBoost: 1
    m_EnvironmentLightingMode: 0
    m_EnableBakedLightmaps: 1
    m_EnableRealtimeLightmaps: 0
  m_LightmapEditorSettings:
    serializedVersion: 12
    m_Resolution: 2
    m_BakeResolution: 40
    m_AtlasSize: 1024
    m_AO: 0
    m_AOMaxDistance: 1
    m_CompAOExponent: 1
    m_CompAOExponentDirect: 0
    m_ExtractAmbientOcclusion: 0
    m_Padding: 2
    m_LightmapParameters: {fileID: 0}
    m_LightmapsBakeMode: 1
    m_TextureCompression: 1
    m_FinalGather: 0
    m_FinalGatherFiltering: 1
    m_FinalGatherRayCount: 256
    m_ReflectionCompression: 2
    m_MixedBakeMode: 2
    m_BakeBackend: 1
    m_PVRSampling: 1
    m_PVRDirectSampleCount: 32
    m_PVRSampleCount: 500
    m_PVRBounces: 2
    m_PVREnvironmentSampleCount: 500
    m_PVREnvironmentReferencePointCount: 2048
    m_PVRFilteringMode: 2
    m_PVRDenoiserTypeDirect: 0
    m_PVRDenoiserTypeIndirect: 0
    m_PVRDenoiserTypeAO: 0
    m_PVRFilterTypeDirect: 0
    m_PVRFilterTypeIndirect: 0
    m_PVRFilterTypeAO: 0
    m_PVREnvironmentMIS: 0
    m_PVRCulling: 1
    m_PVRFilteringGaussRadiusDirect: 1
    m_PVRFilteringGaussRadiusIndirect: 5
    m_PVRFilteringGaussRadiusAO: 2
    m_PVRFilteringAtrousPositionSigmaDirect: 0.5
    m_PVRFilteringAtrousPositionSigmaIndirect: 2
    m_PVRFilteringAtrousPositionSigmaAO: 1
    m_ExportTrainingData: 0
    m_TrainingDataDestination: TrainingData
    m_LightProbeSampleCountMultiplier: 4
  m_LightingDataAsset: {fileID: 0}
  m_LightingSettings: {fileID: 0}
--- !u!196 &4
NavMeshSettings:
  serializedVersion: 2
  m_ObjectHideFlags: 0
  m_BuildSettings:
    serializedVersion: 2
    agentTypeID: 0
    agentRadius: 0.5
    agentHeight: 2
    agentSlope: 45
    agentClimb: 0.4
    ledgeDropHeight: 0
    maxJumpAcrossDistance: 0
    minRegionArea: 2
    manualCellSize: 0
    cellSize: 0.16666667
    manualTileSize: 0
    tileSize: 256
    accuratePlacement: 0
    maxJobWorkers: 0
    preserveTilesOutsideBounds: 0
    debug:
      m_Flags: 0
  m_NavMeshData: {fileID: 0}
--- !u!1001 &75133195
PrefabInstance:
  m_ObjectHideFlags: 0
  serializedVersion: 2
  m_Modification:
    m_TransformParent: {fileID: 1861933686}
    m_Modifications:
    - target: {fileID: 2878775195225837259, guid: 0606b4cb0c591f94987a3acca9563e12, type: 3}
      propertyPath: m_Name
      value: DefendersBuildObjects (3)
      objectReference: {fileID: 0}
    - target: {fileID: 3555111962211719975, guid: 0606b4cb0c591f94987a3acca9563e12, type: 3}
      propertyPath: m_RootOrder
      value: 3
      objectReference: {fileID: 0}
    - target: {fileID: 3555111962211719975, guid: 0606b4cb0c591f94987a3acca9563e12, type: 3}
      propertyPath: m_LocalPosition.x
      value: -42.4
      objectReference: {fileID: 0}
    - target: {fileID: 3555111962211719975, guid: 0606b4cb0c591f94987a3acca9563e12, type: 3}
      propertyPath: m_LocalPosition.y
      value: 1
      objectReference: {fileID: 0}
    - target: {fileID: 3555111962211719975, guid: 0606b4cb0c591f94987a3acca9563e12, type: 3}
      propertyPath: m_LocalPosition.z
      value: 138.3
      objectReference: {fileID: 0}
    - target: {fileID: 3555111962211719975, guid: 0606b4cb0c591f94987a3acca9563e12, type: 3}
      propertyPath: m_LocalRotation.w
      value: 1
      objectReference: {fileID: 0}
    - target: {fileID: 3555111962211719975, guid: 0606b4cb0c591f94987a3acca9563e12, type: 3}
      propertyPath: m_LocalRotation.x
      value: -0
      objectReference: {fileID: 0}
    - target: {fileID: 3555111962211719975, guid: 0606b4cb0c591f94987a3acca9563e12, type: 3}
      propertyPath: m_LocalRotation.y
      value: -0
      objectReference: {fileID: 0}
    - target: {fileID: 3555111962211719975, guid: 0606b4cb0c591f94987a3acca9563e12, type: 3}
      propertyPath: m_LocalRotation.z
      value: -0
      objectReference: {fileID: 0}
    - target: {fileID: 3555111962211719975, guid: 0606b4cb0c591f94987a3acca9563e12, type: 3}
      propertyPath: m_LocalEulerAnglesHint.x
      value: 0
      objectReference: {fileID: 0}
    - target: {fileID: 3555111962211719975, guid: 0606b4cb0c591f94987a3acca9563e12, type: 3}
      propertyPath: m_LocalEulerAnglesHint.y
      value: 0
      objectReference: {fileID: 0}
    - target: {fileID: 3555111962211719975, guid: 0606b4cb0c591f94987a3acca9563e12, type: 3}
      propertyPath: m_LocalEulerAnglesHint.z
      value: 0
      objectReference: {fileID: 0}
    m_RemovedComponents: []
  m_SourcePrefab: {fileID: 100100000, guid: 0606b4cb0c591f94987a3acca9563e12, type: 3}
--- !u!4 &75133196 stripped
Transform:
  m_CorrespondingSourceObject: {fileID: 3555111962211719975, guid: 0606b4cb0c591f94987a3acca9563e12, type: 3}
  m_PrefabInstance: {fileID: 75133195}
  m_PrefabAsset: {fileID: 0}
--- !u!1001 &107592534
PrefabInstance:
  m_ObjectHideFlags: 0
  serializedVersion: 2
  m_Modification:
    m_TransformParent: {fileID: 1495559794}
    m_Modifications:
    - target: {fileID: 2447093730711317284, guid: 25f1c94d4c032a5429fd1a46d557f834, type: 3}
      propertyPath: m_Name
      value: AttackersBuildObject (8)
      objectReference: {fileID: 0}
    - target: {fileID: 2751487388861285048, guid: 25f1c94d4c032a5429fd1a46d557f834, type: 3}
      propertyPath: m_RootOrder
      value: 6
      objectReference: {fileID: 0}
    - target: {fileID: 2751487388861285048, guid: 25f1c94d4c032a5429fd1a46d557f834, type: 3}
      propertyPath: m_LocalPosition.x
      value: -0.9
      objectReference: {fileID: 0}
    - target: {fileID: 2751487388861285048, guid: 25f1c94d4c032a5429fd1a46d557f834, type: 3}
      propertyPath: m_LocalPosition.y
      value: 1
      objectReference: {fileID: 0}
    - target: {fileID: 2751487388861285048, guid: 25f1c94d4c032a5429fd1a46d557f834, type: 3}
      propertyPath: m_LocalPosition.z
      value: -206.3
      objectReference: {fileID: 0}
    - target: {fileID: 2751487388861285048, guid: 25f1c94d4c032a5429fd1a46d557f834, type: 3}
      propertyPath: m_LocalRotation.w
      value: 1
      objectReference: {fileID: 0}
    - target: {fileID: 2751487388861285048, guid: 25f1c94d4c032a5429fd1a46d557f834, type: 3}
      propertyPath: m_LocalRotation.x
      value: -0
      objectReference: {fileID: 0}
    - target: {fileID: 2751487388861285048, guid: 25f1c94d4c032a5429fd1a46d557f834, type: 3}
      propertyPath: m_LocalRotation.y
      value: -0
      objectReference: {fileID: 0}
    - target: {fileID: 2751487388861285048, guid: 25f1c94d4c032a5429fd1a46d557f834, type: 3}
      propertyPath: m_LocalRotation.z
      value: -0
      objectReference: {fileID: 0}
    - target: {fileID: 2751487388861285048, guid: 25f1c94d4c032a5429fd1a46d557f834, type: 3}
      propertyPath: m_LocalEulerAnglesHint.x
      value: 0
      objectReference: {fileID: 0}
    - target: {fileID: 2751487388861285048, guid: 25f1c94d4c032a5429fd1a46d557f834, type: 3}
      propertyPath: m_LocalEulerAnglesHint.y
      value: 0
      objectReference: {fileID: 0}
    - target: {fileID: 2751487388861285048, guid: 25f1c94d4c032a5429fd1a46d557f834, type: 3}
      propertyPath: m_LocalEulerAnglesHint.z
      value: 0
      objectReference: {fileID: 0}
    m_RemovedComponents: []
  m_SourcePrefab: {fileID: 100100000, guid: 25f1c94d4c032a5429fd1a46d557f834, type: 3}
--- !u!4 &107592535 stripped
Transform:
  m_CorrespondingSourceObject: {fileID: 2751487388861285048, guid: 25f1c94d4c032a5429fd1a46d557f834, type: 3}
  m_PrefabInstance: {fileID: 107592534}
  m_PrefabAsset: {fileID: 0}
--- !u!1001 &253198343
PrefabInstance:
  m_ObjectHideFlags: 0
  serializedVersion: 2
  m_Modification:
    m_TransformParent: {fileID: 1495559794}
    m_Modifications:
    - target: {fileID: 2447093730711317284, guid: 25f1c94d4c032a5429fd1a46d557f834, type: 3}
      propertyPath: m_Name
      value: AttackersBuildObject (9)
      objectReference: {fileID: 0}
    - target: {fileID: 2751487388861285048, guid: 25f1c94d4c032a5429fd1a46d557f834, type: 3}
      propertyPath: m_RootOrder
      value: 7
      objectReference: {fileID: 0}
    - target: {fileID: 2751487388861285048, guid: 25f1c94d4c032a5429fd1a46d557f834, type: 3}
      propertyPath: m_LocalPosition.x
      value: -102.3
      objectReference: {fileID: 0}
    - target: {fileID: 2751487388861285048, guid: 25f1c94d4c032a5429fd1a46d557f834, type: 3}
      propertyPath: m_LocalPosition.y
      value: 1
      objectReference: {fileID: 0}
    - target: {fileID: 2751487388861285048, guid: 25f1c94d4c032a5429fd1a46d557f834, type: 3}
      propertyPath: m_LocalPosition.z
      value: -206.3
      objectReference: {fileID: 0}
    - target: {fileID: 2751487388861285048, guid: 25f1c94d4c032a5429fd1a46d557f834, type: 3}
      propertyPath: m_LocalRotation.w
      value: 1
      objectReference: {fileID: 0}
    - target: {fileID: 2751487388861285048, guid: 25f1c94d4c032a5429fd1a46d557f834, type: 3}
      propertyPath: m_LocalRotation.x
      value: -0
      objectReference: {fileID: 0}
    - target: {fileID: 2751487388861285048, guid: 25f1c94d4c032a5429fd1a46d557f834, type: 3}
      propertyPath: m_LocalRotation.y
      value: -0
      objectReference: {fileID: 0}
    - target: {fileID: 2751487388861285048, guid: 25f1c94d4c032a5429fd1a46d557f834, type: 3}
      propertyPath: m_LocalRotation.z
      value: -0
      objectReference: {fileID: 0}
    - target: {fileID: 2751487388861285048, guid: 25f1c94d4c032a5429fd1a46d557f834, type: 3}
      propertyPath: m_LocalEulerAnglesHint.x
      value: 0
      objectReference: {fileID: 0}
    - target: {fileID: 2751487388861285048, guid: 25f1c94d4c032a5429fd1a46d557f834, type: 3}
      propertyPath: m_LocalEulerAnglesHint.y
      value: 0
      objectReference: {fileID: 0}
    - target: {fileID: 2751487388861285048, guid: 25f1c94d4c032a5429fd1a46d557f834, type: 3}
      propertyPath: m_LocalEulerAnglesHint.z
      value: 0
      objectReference: {fileID: 0}
    m_RemovedComponents: []
  m_SourcePrefab: {fileID: 100100000, guid: 25f1c94d4c032a5429fd1a46d557f834, type: 3}
--- !u!4 &253198344 stripped
Transform:
  m_CorrespondingSourceObject: {fileID: 2751487388861285048, guid: 25f1c94d4c032a5429fd1a46d557f834, type: 3}
  m_PrefabInstance: {fileID: 253198343}
  m_PrefabAsset: {fileID: 0}
--- !u!1 &331295068
GameObject:
  m_ObjectHideFlags: 0
  m_CorrespondingSourceObject: {fileID: 0}
  m_PrefabInstance: {fileID: 0}
  m_PrefabAsset: {fileID: 0}
  serializedVersion: 6
  m_Component:
  - component: {fileID: 331295069}
  m_Layer: 0
  m_Name: Environment
  m_TagString: Untagged
  m_Icon: {fileID: 0}
  m_NavMeshLayer: 0
  m_StaticEditorFlags: 0
  m_IsActive: 1
--- !u!4 &331295069
Transform:
  m_ObjectHideFlags: 0
  m_CorrespondingSourceObject: {fileID: 0}
  m_PrefabInstance: {fileID: 0}
  m_PrefabAsset: {fileID: 0}
  m_GameObject: {fileID: 331295068}
  m_LocalRotation: {x: 0, y: 0, z: 0, w: 1}
  m_LocalPosition: {x: 0, y: 0, z: 0}
  m_LocalScale: {x: 1, y: 1, z: 1}
  m_ConstrainProportionsScale: 0
  m_Children: []
  m_Father: {fileID: 0}
  m_RootOrder: 6
  m_LocalEulerAnglesHint: {x: 0, y: 0, z: 0}
--- !u!1001 &491647307
PrefabInstance:
  m_ObjectHideFlags: 0
  serializedVersion: 2
  m_Modification:
    m_TransformParent: {fileID: 1861933686}
    m_Modifications:
    - target: {fileID: 2878775195225837259, guid: 0606b4cb0c591f94987a3acca9563e12, type: 3}
      propertyPath: m_Name
      value: DefendersBuildObjects (10)
      objectReference: {fileID: 0}
    - target: {fileID: 3555111962211719975, guid: 0606b4cb0c591f94987a3acca9563e12, type: 3}
      propertyPath: m_RootOrder
      value: 10
      objectReference: {fileID: 0}
    - target: {fileID: 3555111962211719975, guid: 0606b4cb0c591f94987a3acca9563e12, type: 3}
      propertyPath: m_LocalPosition.x
      value: 97
      objectReference: {fileID: 0}
    - target: {fileID: 3555111962211719975, guid: 0606b4cb0c591f94987a3acca9563e12, type: 3}
      propertyPath: m_LocalPosition.y
      value: 57.57
      objectReference: {fileID: 0}
    - target: {fileID: 3555111962211719975, guid: 0606b4cb0c591f94987a3acca9563e12, type: 3}
      propertyPath: m_LocalPosition.z
      value: -3.1
      objectReference: {fileID: 0}
    - target: {fileID: 3555111962211719975, guid: 0606b4cb0c591f94987a3acca9563e12, type: 3}
      propertyPath: m_LocalRotation.w
      value: 1
      objectReference: {fileID: 0}
    - target: {fileID: 3555111962211719975, guid: 0606b4cb0c591f94987a3acca9563e12, type: 3}
      propertyPath: m_LocalRotation.x
      value: -0
      objectReference: {fileID: 0}
    - target: {fileID: 3555111962211719975, guid: 0606b4cb0c591f94987a3acca9563e12, type: 3}
      propertyPath: m_LocalRotation.y
      value: -0
      objectReference: {fileID: 0}
    - target: {fileID: 3555111962211719975, guid: 0606b4cb0c591f94987a3acca9563e12, type: 3}
      propertyPath: m_LocalRotation.z
      value: -0
      objectReference: {fileID: 0}
    - target: {fileID: 3555111962211719975, guid: 0606b4cb0c591f94987a3acca9563e12, type: 3}
      propertyPath: m_LocalEulerAnglesHint.x
      value: 0
      objectReference: {fileID: 0}
    - target: {fileID: 3555111962211719975, guid: 0606b4cb0c591f94987a3acca9563e12, type: 3}
      propertyPath: m_LocalEulerAnglesHint.y
      value: 0
      objectReference: {fileID: 0}
    - target: {fileID: 3555111962211719975, guid: 0606b4cb0c591f94987a3acca9563e12, type: 3}
      propertyPath: m_LocalEulerAnglesHint.z
      value: 0
      objectReference: {fileID: 0}
    m_RemovedComponents: []
  m_SourcePrefab: {fileID: 100100000, guid: 0606b4cb0c591f94987a3acca9563e12, type: 3}
--- !u!4 &491647308 stripped
Transform:
  m_CorrespondingSourceObject: {fileID: 3555111962211719975, guid: 0606b4cb0c591f94987a3acca9563e12, type: 3}
  m_PrefabInstance: {fileID: 491647307}
  m_PrefabAsset: {fileID: 0}
--- !u!1001 &516742836
PrefabInstance:
  m_ObjectHideFlags: 0
  serializedVersion: 2
  m_Modification:
    m_TransformParent: {fileID: 1861933686}
    m_Modifications:
    - target: {fileID: 2878775195225837259, guid: 0606b4cb0c591f94987a3acca9563e12, type: 3}
      propertyPath: m_Name
      value: DefendersBuildObjects (11)
      objectReference: {fileID: 0}
    - target: {fileID: 3555111962211719975, guid: 0606b4cb0c591f94987a3acca9563e12, type: 3}
      propertyPath: m_RootOrder
      value: 11
      objectReference: {fileID: 0}
    - target: {fileID: 3555111962211719975, guid: 0606b4cb0c591f94987a3acca9563e12, type: 3}
      propertyPath: m_LocalPosition.x
      value: -14.7
      objectReference: {fileID: 0}
    - target: {fileID: 3555111962211719975, guid: 0606b4cb0c591f94987a3acca9563e12, type: 3}
      propertyPath: m_LocalPosition.y
      value: 31.3
      objectReference: {fileID: 0}
    - target: {fileID: 3555111962211719975, guid: 0606b4cb0c591f94987a3acca9563e12, type: 3}
      propertyPath: m_LocalPosition.z
      value: -3.1
      objectReference: {fileID: 0}
    - target: {fileID: 3555111962211719975, guid: 0606b4cb0c591f94987a3acca9563e12, type: 3}
      propertyPath: m_LocalRotation.w
      value: 1
      objectReference: {fileID: 0}
    - target: {fileID: 3555111962211719975, guid: 0606b4cb0c591f94987a3acca9563e12, type: 3}
      propertyPath: m_LocalRotation.x
      value: -0
      objectReference: {fileID: 0}
    - target: {fileID: 3555111962211719975, guid: 0606b4cb0c591f94987a3acca9563e12, type: 3}
      propertyPath: m_LocalRotation.y
      value: -0
      objectReference: {fileID: 0}
    - target: {fileID: 3555111962211719975, guid: 0606b4cb0c591f94987a3acca9563e12, type: 3}
      propertyPath: m_LocalRotation.z
      value: -0
      objectReference: {fileID: 0}
    - target: {fileID: 3555111962211719975, guid: 0606b4cb0c591f94987a3acca9563e12, type: 3}
      propertyPath: m_LocalEulerAnglesHint.x
      value: 0
      objectReference: {fileID: 0}
    - target: {fileID: 3555111962211719975, guid: 0606b4cb0c591f94987a3acca9563e12, type: 3}
      propertyPath: m_LocalEulerAnglesHint.y
      value: 0
      objectReference: {fileID: 0}
    - target: {fileID: 3555111962211719975, guid: 0606b4cb0c591f94987a3acca9563e12, type: 3}
      propertyPath: m_LocalEulerAnglesHint.z
      value: 0
      objectReference: {fileID: 0}
    m_RemovedComponents: []
  m_SourcePrefab: {fileID: 100100000, guid: 0606b4cb0c591f94987a3acca9563e12, type: 3}
--- !u!4 &516742837 stripped
Transform:
  m_CorrespondingSourceObject: {fileID: 3555111962211719975, guid: 0606b4cb0c591f94987a3acca9563e12, type: 3}
  m_PrefabInstance: {fileID: 516742836}
  m_PrefabAsset: {fileID: 0}
--- !u!1001 &527512776
PrefabInstance:
  m_ObjectHideFlags: 0
  serializedVersion: 2
  m_Modification:
    m_TransformParent: {fileID: 1861933686}
    m_Modifications:
    - target: {fileID: 2878775195225837259, guid: 0606b4cb0c591f94987a3acca9563e12, type: 3}
      propertyPath: m_Name
      value: DefendersBuildObjects (2)
      objectReference: {fileID: 0}
    - target: {fileID: 3555111962211719975, guid: 0606b4cb0c591f94987a3acca9563e12, type: 3}
      propertyPath: m_RootOrder
      value: 2
      objectReference: {fileID: 0}
    - target: {fileID: 3555111962211719975, guid: 0606b4cb0c591f94987a3acca9563e12, type: 3}
      propertyPath: m_LocalPosition.x
      value: -42.4
      objectReference: {fileID: 0}
    - target: {fileID: 3555111962211719975, guid: 0606b4cb0c591f94987a3acca9563e12, type: 3}
      propertyPath: m_LocalPosition.y
      value: 1
      objectReference: {fileID: 0}
    - target: {fileID: 3555111962211719975, guid: 0606b4cb0c591f94987a3acca9563e12, type: 3}
      propertyPath: m_LocalPosition.z
      value: 45.4
      objectReference: {fileID: 0}
    - target: {fileID: 3555111962211719975, guid: 0606b4cb0c591f94987a3acca9563e12, type: 3}
      propertyPath: m_LocalRotation.w
      value: 1
      objectReference: {fileID: 0}
    - target: {fileID: 3555111962211719975, guid: 0606b4cb0c591f94987a3acca9563e12, type: 3}
      propertyPath: m_LocalRotation.x
      value: -0
      objectReference: {fileID: 0}
    - target: {fileID: 3555111962211719975, guid: 0606b4cb0c591f94987a3acca9563e12, type: 3}
      propertyPath: m_LocalRotation.y
      value: -0
      objectReference: {fileID: 0}
    - target: {fileID: 3555111962211719975, guid: 0606b4cb0c591f94987a3acca9563e12, type: 3}
      propertyPath: m_LocalRotation.z
      value: -0
      objectReference: {fileID: 0}
    - target: {fileID: 3555111962211719975, guid: 0606b4cb0c591f94987a3acca9563e12, type: 3}
      propertyPath: m_LocalEulerAnglesHint.x
      value: 0
      objectReference: {fileID: 0}
    - target: {fileID: 3555111962211719975, guid: 0606b4cb0c591f94987a3acca9563e12, type: 3}
      propertyPath: m_LocalEulerAnglesHint.y
      value: 0
      objectReference: {fileID: 0}
    - target: {fileID: 3555111962211719975, guid: 0606b4cb0c591f94987a3acca9563e12, type: 3}
      propertyPath: m_LocalEulerAnglesHint.z
      value: 0
      objectReference: {fileID: 0}
    m_RemovedComponents: []
  m_SourcePrefab: {fileID: 100100000, guid: 0606b4cb0c591f94987a3acca9563e12, type: 3}
--- !u!4 &527512777 stripped
Transform:
  m_CorrespondingSourceObject: {fileID: 3555111962211719975, guid: 0606b4cb0c591f94987a3acca9563e12, type: 3}
  m_PrefabInstance: {fileID: 527512776}
  m_PrefabAsset: {fileID: 0}
--- !u!4 &533167355 stripped
Transform:
  m_CorrespondingSourceObject: {fileID: 8045122791982560490, guid: ab873cfa02a766c46b075bd25d272a04, type: 3}
  m_PrefabInstance: {fileID: 8045122792028604433}
  m_PrefabAsset: {fileID: 0}
--- !u!1 &705507993
GameObject:
  m_ObjectHideFlags: 0
  m_CorrespondingSourceObject: {fileID: 0}
  m_PrefabInstance: {fileID: 0}
  m_PrefabAsset: {fileID: 0}
  serializedVersion: 6
  m_Component:
  - component: {fileID: 705507995}
  - component: {fileID: 705507994}
  m_Layer: 0
  m_Name: Directional Light
  m_TagString: Untagged
  m_Icon: {fileID: 0}
  m_NavMeshLayer: 0
  m_StaticEditorFlags: 0
  m_IsActive: 1
--- !u!108 &705507994
Light:
  m_ObjectHideFlags: 0
  m_CorrespondingSourceObject: {fileID: 0}
  m_PrefabInstance: {fileID: 0}
  m_PrefabAsset: {fileID: 0}
  m_GameObject: {fileID: 705507993}
  m_Enabled: 1
  serializedVersion: 10
  m_Type: 1
  m_Shape: 0
  m_Color: {r: 1, g: 0.95686275, b: 0.8392157, a: 1}
  m_Intensity: 1
  m_Range: 10
  m_SpotAngle: 30
  m_InnerSpotAngle: 21.80208
  m_CookieSize: 10
  m_Shadows:
    m_Type: 2
    m_Resolution: -1
    m_CustomResolution: -1
    m_Strength: 1
    m_Bias: 0.05
    m_NormalBias: 0.4
    m_NearPlane: 0.2
    m_CullingMatrixOverride:
      e00: 1
      e01: 0
      e02: 0
      e03: 0
      e10: 0
      e11: 1
      e12: 0
      e13: 0
      e20: 0
      e21: 0
      e22: 1
      e23: 0
      e30: 0
      e31: 0
      e32: 0
      e33: 1
    m_UseCullingMatrixOverride: 0
  m_Cookie: {fileID: 0}
  m_DrawHalo: 0
  m_Flare: {fileID: 0}
  m_RenderMode: 0
  m_CullingMask:
    serializedVersion: 2
    m_Bits: 4294967295
  m_RenderingLayerMask: 1
  m_Lightmapping: 1
  m_LightShadowCasterMode: 0
  m_AreaSize: {x: 1, y: 1}
  m_BounceIntensity: 1
  m_ColorTemperature: 6570
  m_UseColorTemperature: 0
  m_BoundingSphereOverride: {x: 0, y: 0, z: 0, w: 0}
  m_UseBoundingSphereOverride: 0
  m_UseViewFrustumForShadowCasterCull: 1
  m_ShadowRadius: 0
  m_ShadowAngle: 0
--- !u!4 &705507995
Transform:
  m_ObjectHideFlags: 0
  m_CorrespondingSourceObject: {fileID: 0}
  m_PrefabInstance: {fileID: 0}
  m_PrefabAsset: {fileID: 0}
  m_GameObject: {fileID: 705507993}
  m_LocalRotation: {x: 0.40821788, y: -0.23456968, z: 0.10938163, w: 0.8754261}
  m_LocalPosition: {x: 0, y: 3, z: 0}
  m_LocalScale: {x: 1, y: 1, z: 1}
  m_ConstrainProportionsScale: 0
  m_Children: []
  m_Father: {fileID: 0}
  m_RootOrder: 0
  m_LocalEulerAnglesHint: {x: 50, y: -30, z: 0}
--- !u!1001 &768472642
PrefabInstance:
  m_ObjectHideFlags: 0
  serializedVersion: 2
  m_Modification:
    m_TransformParent: {fileID: 1861933686}
    m_Modifications:
    - target: {fileID: 2878775195225837259, guid: 0606b4cb0c591f94987a3acca9563e12, type: 3}
      propertyPath: m_Name
      value: DefendersBuildObjects (7)
      objectReference: {fileID: 0}
    - target: {fileID: 3555111962211719975, guid: 0606b4cb0c591f94987a3acca9563e12, type: 3}
      propertyPath: m_RootOrder
      value: 7
      objectReference: {fileID: 0}
    - target: {fileID: 3555111962211719975, guid: 0606b4cb0c591f94987a3acca9563e12, type: 3}
      propertyPath: m_LocalPosition.x
      value: -62.9
      objectReference: {fileID: 0}
    - target: {fileID: 3555111962211719975, guid: 0606b4cb0c591f94987a3acca9563e12, type: 3}
      propertyPath: m_LocalPosition.y
      value: 22.9
      objectReference: {fileID: 0}
    - target: {fileID: 3555111962211719975, guid: 0606b4cb0c591f94987a3acca9563e12, type: 3}
      propertyPath: m_LocalPosition.z
      value: -3.1
      objectReference: {fileID: 0}
    - target: {fileID: 3555111962211719975, guid: 0606b4cb0c591f94987a3acca9563e12, type: 3}
      propertyPath: m_LocalRotation.w
      value: 1
      objectReference: {fileID: 0}
    - target: {fileID: 3555111962211719975, guid: 0606b4cb0c591f94987a3acca9563e12, type: 3}
      propertyPath: m_LocalRotation.x
      value: -0
      objectReference: {fileID: 0}
    - target: {fileID: 3555111962211719975, guid: 0606b4cb0c591f94987a3acca9563e12, type: 3}
      propertyPath: m_LocalRotation.y
      value: -0
      objectReference: {fileID: 0}
    - target: {fileID: 3555111962211719975, guid: 0606b4cb0c591f94987a3acca9563e12, type: 3}
      propertyPath: m_LocalRotation.z
      value: -0
      objectReference: {fileID: 0}
    - target: {fileID: 3555111962211719975, guid: 0606b4cb0c591f94987a3acca9563e12, type: 3}
      propertyPath: m_LocalEulerAnglesHint.x
      value: 0
      objectReference: {fileID: 0}
    - target: {fileID: 3555111962211719975, guid: 0606b4cb0c591f94987a3acca9563e12, type: 3}
      propertyPath: m_LocalEulerAnglesHint.y
      value: 0
      objectReference: {fileID: 0}
    - target: {fileID: 3555111962211719975, guid: 0606b4cb0c591f94987a3acca9563e12, type: 3}
      propertyPath: m_LocalEulerAnglesHint.z
      value: 0
      objectReference: {fileID: 0}
    m_RemovedComponents: []
  m_SourcePrefab: {fileID: 100100000, guid: 0606b4cb0c591f94987a3acca9563e12, type: 3}
--- !u!4 &768472643 stripped
Transform:
  m_CorrespondingSourceObject: {fileID: 3555111962211719975, guid: 0606b4cb0c591f94987a3acca9563e12, type: 3}
  m_PrefabInstance: {fileID: 768472642}
  m_PrefabAsset: {fileID: 0}
--- !u!1001 &829361535
PrefabInstance:
  m_ObjectHideFlags: 0
  serializedVersion: 2
  m_Modification:
    m_TransformParent: {fileID: 1495559794}
    m_Modifications:
    - target: {fileID: 2447093730711317284, guid: 25f1c94d4c032a5429fd1a46d557f834, type: 3}
      propertyPath: m_Name
      value: AttackersBuildObject (2)
      objectReference: {fileID: 0}
    - target: {fileID: 2751487388861285048, guid: 25f1c94d4c032a5429fd1a46d557f834, type: 3}
      propertyPath: m_RootOrder
      value: 2
      objectReference: {fileID: 0}
    - target: {fileID: 2751487388861285048, guid: 25f1c94d4c032a5429fd1a46d557f834, type: 3}
      propertyPath: m_LocalPosition.x
      value: 9.8
      objectReference: {fileID: 0}
    - target: {fileID: 2751487388861285048, guid: 25f1c94d4c032a5429fd1a46d557f834, type: 3}
      propertyPath: m_LocalPosition.y
      value: 1
      objectReference: {fileID: 0}
    - target: {fileID: 2751487388861285048, guid: 25f1c94d4c032a5429fd1a46d557f834, type: 3}
      propertyPath: m_LocalPosition.z
      value: -110.4
      objectReference: {fileID: 0}
    - target: {fileID: 2751487388861285048, guid: 25f1c94d4c032a5429fd1a46d557f834, type: 3}
      propertyPath: m_LocalRotation.w
      value: 1
      objectReference: {fileID: 0}
    - target: {fileID: 2751487388861285048, guid: 25f1c94d4c032a5429fd1a46d557f834, type: 3}
      propertyPath: m_LocalRotation.x
      value: -0
      objectReference: {fileID: 0}
    - target: {fileID: 2751487388861285048, guid: 25f1c94d4c032a5429fd1a46d557f834, type: 3}
      propertyPath: m_LocalRotation.y
      value: -0
      objectReference: {fileID: 0}
    - target: {fileID: 2751487388861285048, guid: 25f1c94d4c032a5429fd1a46d557f834, type: 3}
      propertyPath: m_LocalRotation.z
      value: -0
      objectReference: {fileID: 0}
    - target: {fileID: 2751487388861285048, guid: 25f1c94d4c032a5429fd1a46d557f834, type: 3}
      propertyPath: m_LocalEulerAnglesHint.x
      value: 0
      objectReference: {fileID: 0}
    - target: {fileID: 2751487388861285048, guid: 25f1c94d4c032a5429fd1a46d557f834, type: 3}
      propertyPath: m_LocalEulerAnglesHint.y
      value: 0
      objectReference: {fileID: 0}
    - target: {fileID: 2751487388861285048, guid: 25f1c94d4c032a5429fd1a46d557f834, type: 3}
      propertyPath: m_LocalEulerAnglesHint.z
      value: 0
      objectReference: {fileID: 0}
    m_RemovedComponents: []
  m_SourcePrefab: {fileID: 100100000, guid: 25f1c94d4c032a5429fd1a46d557f834, type: 3}
--- !u!4 &829361536 stripped
Transform:
  m_CorrespondingSourceObject: {fileID: 2751487388861285048, guid: 25f1c94d4c032a5429fd1a46d557f834, type: 3}
  m_PrefabInstance: {fileID: 829361535}
  m_PrefabAsset: {fileID: 0}
--- !u!1001 &1179115623
PrefabInstance:
  m_ObjectHideFlags: 0
  serializedVersion: 2
  m_Modification:
    m_TransformParent: {fileID: 1861933686}
    m_Modifications:
    - target: {fileID: 2878775195225837259, guid: 0606b4cb0c591f94987a3acca9563e12, type: 3}
      propertyPath: m_Name
      value: DefendersBuildObjects (4)
      objectReference: {fileID: 0}
    - target: {fileID: 3555111962211719975, guid: 0606b4cb0c591f94987a3acca9563e12, type: 3}
      propertyPath: m_RootOrder
      value: 4
      objectReference: {fileID: 0}
    - target: {fileID: 3555111962211719975, guid: 0606b4cb0c591f94987a3acca9563e12, type: 3}
      propertyPath: m_LocalPosition.x
      value: 30.9
      objectReference: {fileID: 0}
    - target: {fileID: 3555111962211719975, guid: 0606b4cb0c591f94987a3acca9563e12, type: 3}
      propertyPath: m_LocalPosition.y
      value: 1
      objectReference: {fileID: 0}
    - target: {fileID: 3555111962211719975, guid: 0606b4cb0c591f94987a3acca9563e12, type: 3}
      propertyPath: m_LocalPosition.z
      value: 138.3
      objectReference: {fileID: 0}
    - target: {fileID: 3555111962211719975, guid: 0606b4cb0c591f94987a3acca9563e12, type: 3}
      propertyPath: m_LocalRotation.w
      value: 1
      objectReference: {fileID: 0}
    - target: {fileID: 3555111962211719975, guid: 0606b4cb0c591f94987a3acca9563e12, type: 3}
      propertyPath: m_LocalRotation.x
      value: -0
      objectReference: {fileID: 0}
    - target: {fileID: 3555111962211719975, guid: 0606b4cb0c591f94987a3acca9563e12, type: 3}
      propertyPath: m_LocalRotation.y
      value: -0
      objectReference: {fileID: 0}
    - target: {fileID: 3555111962211719975, guid: 0606b4cb0c591f94987a3acca9563e12, type: 3}
      propertyPath: m_LocalRotation.z
      value: -0
      objectReference: {fileID: 0}
    - target: {fileID: 3555111962211719975, guid: 0606b4cb0c591f94987a3acca9563e12, type: 3}
      propertyPath: m_LocalEulerAnglesHint.x
      value: 0
      objectReference: {fileID: 0}
    - target: {fileID: 3555111962211719975, guid: 0606b4cb0c591f94987a3acca9563e12, type: 3}
      propertyPath: m_LocalEulerAnglesHint.y
      value: 0
      objectReference: {fileID: 0}
    - target: {fileID: 3555111962211719975, guid: 0606b4cb0c591f94987a3acca9563e12, type: 3}
      propertyPath: m_LocalEulerAnglesHint.z
      value: 0
      objectReference: {fileID: 0}
    m_RemovedComponents: []
  m_SourcePrefab: {fileID: 100100000, guid: 0606b4cb0c591f94987a3acca9563e12, type: 3}
--- !u!4 &1179115624 stripped
Transform:
  m_CorrespondingSourceObject: {fileID: 3555111962211719975, guid: 0606b4cb0c591f94987a3acca9563e12, type: 3}
  m_PrefabInstance: {fileID: 1179115623}
  m_PrefabAsset: {fileID: 0}
--- !u!1001 &1236475129
PrefabInstance:
  m_ObjectHideFlags: 0
  serializedVersion: 2
  m_Modification:
    m_TransformParent: {fileID: 1495559794}
    m_Modifications:
    - target: {fileID: 2447093730711317284, guid: 25f1c94d4c032a5429fd1a46d557f834, type: 3}
      propertyPath: m_Name
      value: AttackersBuildObject (4)
      objectReference: {fileID: 0}
    - target: {fileID: 2751487388861285048, guid: 25f1c94d4c032a5429fd1a46d557f834, type: 3}
      propertyPath: m_RootOrder
      value: 4
      objectReference: {fileID: 0}
    - target: {fileID: 2751487388861285048, guid: 25f1c94d4c032a5429fd1a46d557f834, type: 3}
      propertyPath: m_LocalPosition.x
      value: -80.2
      objectReference: {fileID: 0}
    - target: {fileID: 2751487388861285048, guid: 25f1c94d4c032a5429fd1a46d557f834, type: 3}
      propertyPath: m_LocalPosition.y
      value: 1
      objectReference: {fileID: 0}
    - target: {fileID: 2751487388861285048, guid: 25f1c94d4c032a5429fd1a46d557f834, type: 3}
      propertyPath: m_LocalPosition.z
      value: -110.4
      objectReference: {fileID: 0}
    - target: {fileID: 2751487388861285048, guid: 25f1c94d4c032a5429fd1a46d557f834, type: 3}
      propertyPath: m_LocalRotation.w
      value: 1
      objectReference: {fileID: 0}
    - target: {fileID: 2751487388861285048, guid: 25f1c94d4c032a5429fd1a46d557f834, type: 3}
      propertyPath: m_LocalRotation.x
      value: -0
      objectReference: {fileID: 0}
    - target: {fileID: 2751487388861285048, guid: 25f1c94d4c032a5429fd1a46d557f834, type: 3}
      propertyPath: m_LocalRotation.y
      value: -0
      objectReference: {fileID: 0}
    - target: {fileID: 2751487388861285048, guid: 25f1c94d4c032a5429fd1a46d557f834, type: 3}
      propertyPath: m_LocalRotation.z
      value: -0
      objectReference: {fileID: 0}
    - target: {fileID: 2751487388861285048, guid: 25f1c94d4c032a5429fd1a46d557f834, type: 3}
      propertyPath: m_LocalEulerAnglesHint.x
      value: 0
      objectReference: {fileID: 0}
    - target: {fileID: 2751487388861285048, guid: 25f1c94d4c032a5429fd1a46d557f834, type: 3}
      propertyPath: m_LocalEulerAnglesHint.y
      value: 0
      objectReference: {fileID: 0}
    - target: {fileID: 2751487388861285048, guid: 25f1c94d4c032a5429fd1a46d557f834, type: 3}
      propertyPath: m_LocalEulerAnglesHint.z
      value: 0
      objectReference: {fileID: 0}
    m_RemovedComponents: []
  m_SourcePrefab: {fileID: 100100000, guid: 25f1c94d4c032a5429fd1a46d557f834, type: 3}
--- !u!4 &1236475130 stripped
Transform:
  m_CorrespondingSourceObject: {fileID: 2751487388861285048, guid: 25f1c94d4c032a5429fd1a46d557f834, type: 3}
  m_PrefabInstance: {fileID: 1236475129}
  m_PrefabAsset: {fileID: 0}
--- !u!1001 &1280456846
PrefabInstance:
  m_ObjectHideFlags: 0
  serializedVersion: 2
  m_Modification:
    m_TransformParent: {fileID: 1495559794}
    m_Modifications:
    - target: {fileID: 2447093730711317284, guid: 25f1c94d4c032a5429fd1a46d557f834, type: 3}
      propertyPath: m_Name
      value: AttackersBuildObject (7)
      objectReference: {fileID: 0}
    - target: {fileID: 2751487388861285048, guid: 25f1c94d4c032a5429fd1a46d557f834, type: 3}
      propertyPath: m_RootOrder
      value: 5
      objectReference: {fileID: 0}
    - target: {fileID: 2751487388861285048, guid: 25f1c94d4c032a5429fd1a46d557f834, type: 3}
      propertyPath: m_LocalPosition.x
      value: 46.1
      objectReference: {fileID: 0}
    - target: {fileID: 2751487388861285048, guid: 25f1c94d4c032a5429fd1a46d557f834, type: 3}
      propertyPath: m_LocalPosition.y
      value: 1
      objectReference: {fileID: 0}
    - target: {fileID: 2751487388861285048, guid: 25f1c94d4c032a5429fd1a46d557f834, type: 3}
      propertyPath: m_LocalPosition.z
      value: -206.3
      objectReference: {fileID: 0}
    - target: {fileID: 2751487388861285048, guid: 25f1c94d4c032a5429fd1a46d557f834, type: 3}
      propertyPath: m_LocalRotation.w
      value: 1
      objectReference: {fileID: 0}
    - target: {fileID: 2751487388861285048, guid: 25f1c94d4c032a5429fd1a46d557f834, type: 3}
      propertyPath: m_LocalRotation.x
      value: -0
      objectReference: {fileID: 0}
    - target: {fileID: 2751487388861285048, guid: 25f1c94d4c032a5429fd1a46d557f834, type: 3}
      propertyPath: m_LocalRotation.y
      value: -0
      objectReference: {fileID: 0}
    - target: {fileID: 2751487388861285048, guid: 25f1c94d4c032a5429fd1a46d557f834, type: 3}
      propertyPath: m_LocalRotation.z
      value: -0
      objectReference: {fileID: 0}
    - target: {fileID: 2751487388861285048, guid: 25f1c94d4c032a5429fd1a46d557f834, type: 3}
      propertyPath: m_LocalEulerAnglesHint.x
      value: 0
      objectReference: {fileID: 0}
    - target: {fileID: 2751487388861285048, guid: 25f1c94d4c032a5429fd1a46d557f834, type: 3}
      propertyPath: m_LocalEulerAnglesHint.y
      value: 0
      objectReference: {fileID: 0}
    - target: {fileID: 2751487388861285048, guid: 25f1c94d4c032a5429fd1a46d557f834, type: 3}
      propertyPath: m_LocalEulerAnglesHint.z
      value: 0
      objectReference: {fileID: 0}
    m_RemovedComponents: []
  m_SourcePrefab: {fileID: 100100000, guid: 25f1c94d4c032a5429fd1a46d557f834, type: 3}
--- !u!4 &1280456847 stripped
Transform:
  m_CorrespondingSourceObject: {fileID: 2751487388861285048, guid: 25f1c94d4c032a5429fd1a46d557f834, type: 3}
  m_PrefabInstance: {fileID: 1280456846}
  m_PrefabAsset: {fileID: 0}
--- !u!1001 &1435286329
PrefabInstance:
  m_ObjectHideFlags: 0
  serializedVersion: 2
  m_Modification:
    m_TransformParent: {fileID: 1861933686}
    m_Modifications:
    - target: {fileID: 2878775195225837259, guid: 0606b4cb0c591f94987a3acca9563e12, type: 3}
      propertyPath: m_Name
      value: DefendersBuildObjects (8)
      objectReference: {fileID: 0}
    - target: {fileID: 3555111962211719975, guid: 0606b4cb0c591f94987a3acca9563e12, type: 3}
      propertyPath: m_RootOrder
      value: 8
      objectReference: {fileID: 0}
    - target: {fileID: 3555111962211719975, guid: 0606b4cb0c591f94987a3acca9563e12, type: 3}
      propertyPath: m_LocalPosition.x
      value: -99.6
      objectReference: {fileID: 0}
    - target: {fileID: 3555111962211719975, guid: 0606b4cb0c591f94987a3acca9563e12, type: 3}
      propertyPath: m_LocalPosition.y
      value: 22.9
      objectReference: {fileID: 0}
    - target: {fileID: 3555111962211719975, guid: 0606b4cb0c591f94987a3acca9563e12, type: 3}
      propertyPath: m_LocalPosition.z
      value: -3.1
      objectReference: {fileID: 0}
    - target: {fileID: 3555111962211719975, guid: 0606b4cb0c591f94987a3acca9563e12, type: 3}
      propertyPath: m_LocalRotation.w
      value: 1
      objectReference: {fileID: 0}
    - target: {fileID: 3555111962211719975, guid: 0606b4cb0c591f94987a3acca9563e12, type: 3}
      propertyPath: m_LocalRotation.x
      value: -0
      objectReference: {fileID: 0}
    - target: {fileID: 3555111962211719975, guid: 0606b4cb0c591f94987a3acca9563e12, type: 3}
      propertyPath: m_LocalRotation.y
      value: -0
      objectReference: {fileID: 0}
    - target: {fileID: 3555111962211719975, guid: 0606b4cb0c591f94987a3acca9563e12, type: 3}
      propertyPath: m_LocalRotation.z
      value: -0
      objectReference: {fileID: 0}
    - target: {fileID: 3555111962211719975, guid: 0606b4cb0c591f94987a3acca9563e12, type: 3}
      propertyPath: m_LocalEulerAnglesHint.x
      value: 0
      objectReference: {fileID: 0}
    - target: {fileID: 3555111962211719975, guid: 0606b4cb0c591f94987a3acca9563e12, type: 3}
      propertyPath: m_LocalEulerAnglesHint.y
      value: 0
      objectReference: {fileID: 0}
    - target: {fileID: 3555111962211719975, guid: 0606b4cb0c591f94987a3acca9563e12, type: 3}
      propertyPath: m_LocalEulerAnglesHint.z
      value: 0
      objectReference: {fileID: 0}
    m_RemovedComponents: []
  m_SourcePrefab: {fileID: 100100000, guid: 0606b4cb0c591f94987a3acca9563e12, type: 3}
--- !u!4 &1435286330 stripped
Transform:
  m_CorrespondingSourceObject: {fileID: 3555111962211719975, guid: 0606b4cb0c591f94987a3acca9563e12, type: 3}
  m_PrefabInstance: {fileID: 1435286329}
  m_PrefabAsset: {fileID: 0}
--- !u!1 &1485363923
GameObject:
  m_ObjectHideFlags: 0
  m_CorrespondingSourceObject: {fileID: 0}
  m_PrefabInstance: {fileID: 0}
  m_PrefabAsset: {fileID: 0}
  serializedVersion: 6
  m_Component:
  - component: {fileID: 1485363927}
  - component: {fileID: 1485363926}
  - component: {fileID: 1485363925}
  - component: {fileID: 1485363924}
  m_Layer: 0
  m_Name: Plane
  m_TagString: Untagged
  m_Icon: {fileID: 0}
  m_NavMeshLayer: 0
  m_StaticEditorFlags: 0
  m_IsActive: 1
--- !u!64 &1485363924
MeshCollider:
  m_ObjectHideFlags: 0
  m_CorrespondingSourceObject: {fileID: 0}
  m_PrefabInstance: {fileID: 0}
  m_PrefabAsset: {fileID: 0}
  m_GameObject: {fileID: 1485363923}
  m_Material: {fileID: 0}
  m_IsTrigger: 0
  m_Enabled: 1
  serializedVersion: 4
  m_Convex: 0
  m_CookingOptions: 30
  m_Mesh: {fileID: 10209, guid: 0000000000000000e000000000000000, type: 0}
--- !u!23 &1485363925
MeshRenderer:
  m_ObjectHideFlags: 0
  m_CorrespondingSourceObject: {fileID: 0}
  m_PrefabInstance: {fileID: 0}
  m_PrefabAsset: {fileID: 0}
  m_GameObject: {fileID: 1485363923}
  m_Enabled: 1
  m_CastShadows: 1
  m_ReceiveShadows: 1
  m_DynamicOccludee: 1
  m_StaticShadowCaster: 0
  m_MotionVectors: 1
  m_LightProbeUsage: 1
  m_ReflectionProbeUsage: 1
  m_RayTracingMode: 2
  m_RayTraceProcedural: 0
  m_RenderingLayerMask: 1
  m_RendererPriority: 0
  m_Materials:
  - {fileID: 2100000, guid: d8b29cdfa94b07f448d6a13f338597ec, type: 2}
  m_StaticBatchInfo:
    firstSubMesh: 0
    subMeshCount: 0
  m_StaticBatchRoot: {fileID: 0}
  m_ProbeAnchor: {fileID: 0}
  m_LightProbeVolumeOverride: {fileID: 0}
  m_ScaleInLightmap: 1
  m_ReceiveGI: 1
  m_PreserveUVs: 0
  m_IgnoreNormalsForChartDetection: 0
  m_ImportantGI: 0
  m_StitchLightmapSeams: 1
  m_SelectedEditorRenderState: 3
  m_MinimumChartSize: 4
  m_AutoUVMaxDistance: 0.5
  m_AutoUVMaxAngle: 89
  m_LightmapParameters: {fileID: 0}
  m_SortingLayerID: 0
  m_SortingLayer: 0
  m_SortingOrder: 0
  m_AdditionalVertexStreams: {fileID: 0}
--- !u!33 &1485363926
MeshFilter:
  m_ObjectHideFlags: 0
  m_CorrespondingSourceObject: {fileID: 0}
  m_PrefabInstance: {fileID: 0}
  m_PrefabAsset: {fileID: 0}
  m_GameObject: {fileID: 1485363923}
  m_Mesh: {fileID: 10209, guid: 0000000000000000e000000000000000, type: 0}
--- !u!4 &1485363927
Transform:
  m_ObjectHideFlags: 0
  m_CorrespondingSourceObject: {fileID: 0}
  m_PrefabInstance: {fileID: 0}
  m_PrefabAsset: {fileID: 0}
  m_GameObject: {fileID: 1485363923}
  m_LocalRotation: {x: 0, y: 0, z: 0, w: 1}
  m_LocalPosition: {x: -344.8319, y: -0, z: 32.9598}
  m_LocalScale: {x: 144.04497, y: 8.102564, z: 134.67743}
  m_ConstrainProportionsScale: 0
  m_Children: []
  m_Father: {fileID: 0}
  m_RootOrder: 1
  m_LocalEulerAnglesHint: {x: 0, y: 0, z: 0}
--- !u!1 &1495559793
GameObject:
  m_ObjectHideFlags: 0
  m_CorrespondingSourceObject: {fileID: 0}
  m_PrefabInstance: {fileID: 0}
  m_PrefabAsset: {fileID: 0}
  serializedVersion: 6
  m_Component:
  - component: {fileID: 1495559794}
  m_Layer: 0
  m_Name: AttackerPlayerObjects
  m_TagString: Untagged
  m_Icon: {fileID: 0}
  m_NavMeshLayer: 0
  m_StaticEditorFlags: 0
  m_IsActive: 1
--- !u!4 &1495559794
Transform:
  m_ObjectHideFlags: 0
  m_CorrespondingSourceObject: {fileID: 0}
  m_PrefabInstance: {fileID: 0}
  m_PrefabAsset: {fileID: 0}
  m_GameObject: {fileID: 1495559793}
  m_LocalRotation: {x: 0, y: 0, z: 0, w: 1}
  m_LocalPosition: {x: 0, y: 0, z: 0}
  m_LocalScale: {x: 1, y: 1, z: 1}
  m_ConstrainProportionsScale: 0
  m_Children:
  - {fileID: 6163356153399738570}
  - {fileID: 1822741909}
  - {fileID: 829361536}
  - {fileID: 2056764017}
  - {fileID: 1236475130}
  - {fileID: 1280456847}
  - {fileID: 107592535}
  - {fileID: 253198344}
  - {fileID: 533167355}
  m_Father: {fileID: 0}
  m_RootOrder: 8
  m_LocalEulerAnglesHint: {x: 0, y: 0, z: 0}
--- !u!1001 &1610128665
PrefabInstance:
  m_ObjectHideFlags: 0
  serializedVersion: 2
  m_Modification:
    m_TransformParent: {fileID: 1861933686}
    m_Modifications:
    - target: {fileID: 2878775195225837259, guid: 0606b4cb0c591f94987a3acca9563e12, type: 3}
      propertyPath: m_Name
      value: DefendersBuildObjects (6)
      objectReference: {fileID: 0}
    - target: {fileID: 3555111962211719975, guid: 0606b4cb0c591f94987a3acca9563e12, type: 3}
      propertyPath: m_RootOrder
      value: 6
      objectReference: {fileID: 0}
    - target: {fileID: 3555111962211719975, guid: 0606b4cb0c591f94987a3acca9563e12, type: 3}
      propertyPath: m_LocalPosition.x
      value: 68.8
      objectReference: {fileID: 0}
    - target: {fileID: 3555111962211719975, guid: 0606b4cb0c591f94987a3acca9563e12, type: 3}
      propertyPath: m_LocalPosition.y
      value: 22.9
      objectReference: {fileID: 0}
    - target: {fileID: 3555111962211719975, guid: 0606b4cb0c591f94987a3acca9563e12, type: 3}
      propertyPath: m_LocalPosition.z
      value: -3.1
      objectReference: {fileID: 0}
    - target: {fileID: 3555111962211719975, guid: 0606b4cb0c591f94987a3acca9563e12, type: 3}
      propertyPath: m_LocalRotation.w
      value: 1
      objectReference: {fileID: 0}
    - target: {fileID: 3555111962211719975, guid: 0606b4cb0c591f94987a3acca9563e12, type: 3}
      propertyPath: m_LocalRotation.x
      value: -0
      objectReference: {fileID: 0}
    - target: {fileID: 3555111962211719975, guid: 0606b4cb0c591f94987a3acca9563e12, type: 3}
      propertyPath: m_LocalRotation.y
      value: -0
      objectReference: {fileID: 0}
    - target: {fileID: 3555111962211719975, guid: 0606b4cb0c591f94987a3acca9563e12, type: 3}
      propertyPath: m_LocalRotation.z
      value: -0
      objectReference: {fileID: 0}
    - target: {fileID: 3555111962211719975, guid: 0606b4cb0c591f94987a3acca9563e12, type: 3}
      propertyPath: m_LocalEulerAnglesHint.x
      value: 0
      objectReference: {fileID: 0}
    - target: {fileID: 3555111962211719975, guid: 0606b4cb0c591f94987a3acca9563e12, type: 3}
      propertyPath: m_LocalEulerAnglesHint.y
      value: 0
      objectReference: {fileID: 0}
    - target: {fileID: 3555111962211719975, guid: 0606b4cb0c591f94987a3acca9563e12, type: 3}
      propertyPath: m_LocalEulerAnglesHint.z
      value: 0
      objectReference: {fileID: 0}
    m_RemovedComponents: []
  m_SourcePrefab: {fileID: 100100000, guid: 0606b4cb0c591f94987a3acca9563e12, type: 3}
--- !u!4 &1610128666 stripped
Transform:
  m_CorrespondingSourceObject: {fileID: 3555111962211719975, guid: 0606b4cb0c591f94987a3acca9563e12, type: 3}
  m_PrefabInstance: {fileID: 1610128665}
  m_PrefabAsset: {fileID: 0}
--- !u!1001 &1735249318
PrefabInstance:
  m_ObjectHideFlags: 0
  serializedVersion: 2
  m_Modification:
    m_TransformParent: {fileID: 0}
    m_Modifications:
    - target: {fileID: 3591432353094093162, guid: f8a941c2566cc744b97d803ee0749910, type: 3}
      propertyPath: m_Name
      value: Mountains (1)
      objectReference: {fileID: 0}
    - target: {fileID: 3591432353094093174, guid: f8a941c2566cc744b97d803ee0749910, type: 3}
      propertyPath: m_RootOrder
      value: 5
      objectReference: {fileID: 0}
    - target: {fileID: 3591432353094093174, guid: f8a941c2566cc744b97d803ee0749910, type: 3}
      propertyPath: m_LocalScale.x
      value: 1401.2418
      objectReference: {fileID: 0}
    - target: {fileID: 3591432353094093174, guid: f8a941c2566cc744b97d803ee0749910, type: 3}
      propertyPath: m_LocalScale.z
      value: 403.60214
      objectReference: {fileID: 0}
    - target: {fileID: 3591432353094093174, guid: f8a941c2566cc744b97d803ee0749910, type: 3}
      propertyPath: m_LocalPosition.x
      value: -325.7931
      objectReference: {fileID: 0}
    - target: {fileID: 3591432353094093174, guid: f8a941c2566cc744b97d803ee0749910, type: 3}
      propertyPath: m_LocalPosition.y
      value: 40.1795
      objectReference: {fileID: 0}
    - target: {fileID: 3591432353094093174, guid: f8a941c2566cc744b97d803ee0749910, type: 3}
      propertyPath: m_LocalPosition.z
      value: -437.688
      objectReference: {fileID: 0}
    - target: {fileID: 3591432353094093174, guid: f8a941c2566cc744b97d803ee0749910, type: 3}
      propertyPath: m_LocalRotation.w
      value: 1
      objectReference: {fileID: 0}
    - target: {fileID: 3591432353094093174, guid: f8a941c2566cc744b97d803ee0749910, type: 3}
      propertyPath: m_LocalRotation.x
      value: 0
      objectReference: {fileID: 0}
    - target: {fileID: 3591432353094093174, guid: f8a941c2566cc744b97d803ee0749910, type: 3}
      propertyPath: m_LocalRotation.y
      value: 0
      objectReference: {fileID: 0}
    - target: {fileID: 3591432353094093174, guid: f8a941c2566cc744b97d803ee0749910, type: 3}
      propertyPath: m_LocalRotation.z
      value: 0
      objectReference: {fileID: 0}
    - target: {fileID: 3591432353094093174, guid: f8a941c2566cc744b97d803ee0749910, type: 3}
      propertyPath: m_LocalEulerAnglesHint.x
      value: 0
      objectReference: {fileID: 0}
    - target: {fileID: 3591432353094093174, guid: f8a941c2566cc744b97d803ee0749910, type: 3}
      propertyPath: m_LocalEulerAnglesHint.y
      value: 0
      objectReference: {fileID: 0}
    - target: {fileID: 3591432353094093174, guid: f8a941c2566cc744b97d803ee0749910, type: 3}
      propertyPath: m_LocalEulerAnglesHint.z
      value: 0
      objectReference: {fileID: 0}
    m_RemovedComponents: []
  m_SourcePrefab: {fileID: 100100000, guid: f8a941c2566cc744b97d803ee0749910, type: 3}
--- !u!1001 &1822741908
PrefabInstance:
  m_ObjectHideFlags: 0
  serializedVersion: 2
  m_Modification:
    m_TransformParent: {fileID: 1495559794}
    m_Modifications:
    - target: {fileID: 2447093730711317284, guid: 25f1c94d4c032a5429fd1a46d557f834, type: 3}
      propertyPath: m_Name
      value: AttackersBuildObject (1)
      objectReference: {fileID: 0}
    - target: {fileID: 2751487388861285048, guid: 25f1c94d4c032a5429fd1a46d557f834, type: 3}
      propertyPath: m_RootOrder
      value: 1
      objectReference: {fileID: 0}
    - target: {fileID: 2751487388861285048, guid: 25f1c94d4c032a5429fd1a46d557f834, type: 3}
      propertyPath: m_LocalPosition.x
      value: 46.8
      objectReference: {fileID: 0}
    - target: {fileID: 2751487388861285048, guid: 25f1c94d4c032a5429fd1a46d557f834, type: 3}
      propertyPath: m_LocalPosition.y
      value: 1
      objectReference: {fileID: 0}
    - target: {fileID: 2751487388861285048, guid: 25f1c94d4c032a5429fd1a46d557f834, type: 3}
      propertyPath: m_LocalPosition.z
      value: -110.4
      objectReference: {fileID: 0}
    - target: {fileID: 2751487388861285048, guid: 25f1c94d4c032a5429fd1a46d557f834, type: 3}
      propertyPath: m_LocalRotation.w
      value: 1
      objectReference: {fileID: 0}
    - target: {fileID: 2751487388861285048, guid: 25f1c94d4c032a5429fd1a46d557f834, type: 3}
      propertyPath: m_LocalRotation.x
      value: -0
      objectReference: {fileID: 0}
    - target: {fileID: 2751487388861285048, guid: 25f1c94d4c032a5429fd1a46d557f834, type: 3}
      propertyPath: m_LocalRotation.y
      value: -0
      objectReference: {fileID: 0}
    - target: {fileID: 2751487388861285048, guid: 25f1c94d4c032a5429fd1a46d557f834, type: 3}
      propertyPath: m_LocalRotation.z
      value: -0
      objectReference: {fileID: 0}
    - target: {fileID: 2751487388861285048, guid: 25f1c94d4c032a5429fd1a46d557f834, type: 3}
      propertyPath: m_LocalEulerAnglesHint.x
      value: 0
      objectReference: {fileID: 0}
    - target: {fileID: 2751487388861285048, guid: 25f1c94d4c032a5429fd1a46d557f834, type: 3}
      propertyPath: m_LocalEulerAnglesHint.y
      value: 0
      objectReference: {fileID: 0}
    - target: {fileID: 2751487388861285048, guid: 25f1c94d4c032a5429fd1a46d557f834, type: 3}
      propertyPath: m_LocalEulerAnglesHint.z
      value: 0
      objectReference: {fileID: 0}
    m_RemovedComponents: []
  m_SourcePrefab: {fileID: 100100000, guid: 25f1c94d4c032a5429fd1a46d557f834, type: 3}
--- !u!4 &1822741909 stripped
Transform:
  m_CorrespondingSourceObject: {fileID: 2751487388861285048, guid: 25f1c94d4c032a5429fd1a46d557f834, type: 3}
  m_PrefabInstance: {fileID: 1822741908}
  m_PrefabAsset: {fileID: 0}
--- !u!1 &1861933685
GameObject:
  m_ObjectHideFlags: 0
  m_CorrespondingSourceObject: {fileID: 0}
  m_PrefabInstance: {fileID: 0}
  m_PrefabAsset: {fileID: 0}
  serializedVersion: 6
  m_Component:
  - component: {fileID: 1861933686}
  m_Layer: 0
  m_Name: DefenderPlayerObjects
  m_TagString: Untagged
  m_Icon: {fileID: 0}
  m_NavMeshLayer: 0
  m_StaticEditorFlags: 0
  m_IsActive: 1
--- !u!4 &1861933686
Transform:
  m_ObjectHideFlags: 0
  m_CorrespondingSourceObject: {fileID: 0}
  m_PrefabInstance: {fileID: 0}
  m_PrefabAsset: {fileID: 0}
  m_GameObject: {fileID: 1861933685}
  m_LocalRotation: {x: 0, y: 0, z: 0, w: 1}
  m_LocalPosition: {x: 0, y: 0, z: 0}
  m_LocalScale: {x: 1, y: 1, z: 1}
  m_ConstrainProportionsScale: 0
  m_Children:
  - {fileID: 200306117510179676}
  - {fileID: 2138362448}
  - {fileID: 527512777}
  - {fileID: 75133196}
  - {fileID: 1179115624}
  - {fileID: 1981991146}
  - {fileID: 1610128666}
  - {fileID: 768472643}
  - {fileID: 1435286330}
  - {fileID: 2082123059}
  - {fileID: 491647308}
  - {fileID: 516742837}
  m_Father: {fileID: 0}
  m_RootOrder: 7
  m_LocalEulerAnglesHint: {x: 0, y: 0, z: 0}
--- !u!1001 &1981991145
PrefabInstance:
  m_ObjectHideFlags: 0
  serializedVersion: 2
  m_Modification:
    m_TransformParent: {fileID: 1861933686}
    m_Modifications:
    - target: {fileID: 2878775195225837259, guid: 0606b4cb0c591f94987a3acca9563e12, type: 3}
      propertyPath: m_Name
      value: DefendersBuildObjects (5)
      objectReference: {fileID: 0}
    - target: {fileID: 3555111962211719975, guid: 0606b4cb0c591f94987a3acca9563e12, type: 3}
      propertyPath: m_RootOrder
      value: 5
      objectReference: {fileID: 0}
    - target: {fileID: 3555111962211719975, guid: 0606b4cb0c591f94987a3acca9563e12, type: 3}
      propertyPath: m_LocalPosition.x
      value: 30.9
      objectReference: {fileID: 0}
    - target: {fileID: 3555111962211719975, guid: 0606b4cb0c591f94987a3acca9563e12, type: 3}
      propertyPath: m_LocalPosition.y
      value: 22.9
      objectReference: {fileID: 0}
    - target: {fileID: 3555111962211719975, guid: 0606b4cb0c591f94987a3acca9563e12, type: 3}
      propertyPath: m_LocalPosition.z
      value: -3.1
      objectReference: {fileID: 0}
    - target: {fileID: 3555111962211719975, guid: 0606b4cb0c591f94987a3acca9563e12, type: 3}
      propertyPath: m_LocalRotation.w
      value: 1
      objectReference: {fileID: 0}
    - target: {fileID: 3555111962211719975, guid: 0606b4cb0c591f94987a3acca9563e12, type: 3}
      propertyPath: m_LocalRotation.x
      value: -0
      objectReference: {fileID: 0}
    - target: {fileID: 3555111962211719975, guid: 0606b4cb0c591f94987a3acca9563e12, type: 3}
      propertyPath: m_LocalRotation.y
      value: -0
      objectReference: {fileID: 0}
    - target: {fileID: 3555111962211719975, guid: 0606b4cb0c591f94987a3acca9563e12, type: 3}
      propertyPath: m_LocalRotation.z
      value: -0
      objectReference: {fileID: 0}
    - target: {fileID: 3555111962211719975, guid: 0606b4cb0c591f94987a3acca9563e12, type: 3}
      propertyPath: m_LocalEulerAnglesHint.x
      value: 0
      objectReference: {fileID: 0}
    - target: {fileID: 3555111962211719975, guid: 0606b4cb0c591f94987a3acca9563e12, type: 3}
      propertyPath: m_LocalEulerAnglesHint.y
      value: 0
      objectReference: {fileID: 0}
    - target: {fileID: 3555111962211719975, guid: 0606b4cb0c591f94987a3acca9563e12, type: 3}
      propertyPath: m_LocalEulerAnglesHint.z
      value: 0
      objectReference: {fileID: 0}
    m_RemovedComponents: []
  m_SourcePrefab: {fileID: 100100000, guid: 0606b4cb0c591f94987a3acca9563e12, type: 3}
--- !u!4 &1981991146 stripped
Transform:
  m_CorrespondingSourceObject: {fileID: 3555111962211719975, guid: 0606b4cb0c591f94987a3acca9563e12, type: 3}
  m_PrefabInstance: {fileID: 1981991145}
  m_PrefabAsset: {fileID: 0}
--- !u!1001 &2056764016
PrefabInstance:
  m_ObjectHideFlags: 0
  serializedVersion: 2
  m_Modification:
    m_TransformParent: {fileID: 1495559794}
    m_Modifications:
    - target: {fileID: 2447093730711317284, guid: 25f1c94d4c032a5429fd1a46d557f834, type: 3}
      propertyPath: m_Name
      value: AttackersBuildObject (3)
      objectReference: {fileID: 0}
    - target: {fileID: 2751487388861285048, guid: 25f1c94d4c032a5429fd1a46d557f834, type: 3}
      propertyPath: m_RootOrder
      value: 3
      objectReference: {fileID: 0}
    - target: {fileID: 2751487388861285048, guid: 25f1c94d4c032a5429fd1a46d557f834, type: 3}
      propertyPath: m_LocalPosition.x
      value: -37.1
      objectReference: {fileID: 0}
    - target: {fileID: 2751487388861285048, guid: 25f1c94d4c032a5429fd1a46d557f834, type: 3}
      propertyPath: m_LocalPosition.y
      value: 1
      objectReference: {fileID: 0}
    - target: {fileID: 2751487388861285048, guid: 25f1c94d4c032a5429fd1a46d557f834, type: 3}
      propertyPath: m_LocalPosition.z
      value: -110.4
      objectReference: {fileID: 0}
    - target: {fileID: 2751487388861285048, guid: 25f1c94d4c032a5429fd1a46d557f834, type: 3}
      propertyPath: m_LocalRotation.w
      value: 1
      objectReference: {fileID: 0}
    - target: {fileID: 2751487388861285048, guid: 25f1c94d4c032a5429fd1a46d557f834, type: 3}
      propertyPath: m_LocalRotation.x
      value: -0
      objectReference: {fileID: 0}
    - target: {fileID: 2751487388861285048, guid: 25f1c94d4c032a5429fd1a46d557f834, type: 3}
      propertyPath: m_LocalRotation.y
      value: -0
      objectReference: {fileID: 0}
    - target: {fileID: 2751487388861285048, guid: 25f1c94d4c032a5429fd1a46d557f834, type: 3}
      propertyPath: m_LocalRotation.z
      value: -0
      objectReference: {fileID: 0}
    - target: {fileID: 2751487388861285048, guid: 25f1c94d4c032a5429fd1a46d557f834, type: 3}
      propertyPath: m_LocalEulerAnglesHint.x
      value: 0
      objectReference: {fileID: 0}
    - target: {fileID: 2751487388861285048, guid: 25f1c94d4c032a5429fd1a46d557f834, type: 3}
      propertyPath: m_LocalEulerAnglesHint.y
      value: 0
      objectReference: {fileID: 0}
    - target: {fileID: 2751487388861285048, guid: 25f1c94d4c032a5429fd1a46d557f834, type: 3}
      propertyPath: m_LocalEulerAnglesHint.z
      value: 0
      objectReference: {fileID: 0}
    m_RemovedComponents: []
  m_SourcePrefab: {fileID: 100100000, guid: 25f1c94d4c032a5429fd1a46d557f834, type: 3}
--- !u!4 &2056764017 stripped
Transform:
  m_CorrespondingSourceObject: {fileID: 2751487388861285048, guid: 25f1c94d4c032a5429fd1a46d557f834, type: 3}
  m_PrefabInstance: {fileID: 2056764016}
  m_PrefabAsset: {fileID: 0}
--- !u!1001 &2082123058
PrefabInstance:
  m_ObjectHideFlags: 0
  serializedVersion: 2
  m_Modification:
    m_TransformParent: {fileID: 1861933686}
    m_Modifications:
    - target: {fileID: 2878775195225837259, guid: 0606b4cb0c591f94987a3acca9563e12, type: 3}
      propertyPath: m_Name
      value: DefendersBuildObjects (9)
      objectReference: {fileID: 0}
    - target: {fileID: 3555111962211719975, guid: 0606b4cb0c591f94987a3acca9563e12, type: 3}
      propertyPath: m_RootOrder
      value: 9
      objectReference: {fileID: 0}
    - target: {fileID: 3555111962211719975, guid: 0606b4cb0c591f94987a3acca9563e12, type: 3}
      propertyPath: m_LocalPosition.x
      value: -157.7
      objectReference: {fileID: 0}
    - target: {fileID: 3555111962211719975, guid: 0606b4cb0c591f94987a3acca9563e12, type: 3}
      propertyPath: m_LocalPosition.y
      value: 57.57
      objectReference: {fileID: 0}
    - target: {fileID: 3555111962211719975, guid: 0606b4cb0c591f94987a3acca9563e12, type: 3}
      propertyPath: m_LocalPosition.z
      value: -3.1
      objectReference: {fileID: 0}
    - target: {fileID: 3555111962211719975, guid: 0606b4cb0c591f94987a3acca9563e12, type: 3}
      propertyPath: m_LocalRotation.w
      value: 1
      objectReference: {fileID: 0}
    - target: {fileID: 3555111962211719975, guid: 0606b4cb0c591f94987a3acca9563e12, type: 3}
      propertyPath: m_LocalRotation.x
      value: -0
      objectReference: {fileID: 0}
    - target: {fileID: 3555111962211719975, guid: 0606b4cb0c591f94987a3acca9563e12, type: 3}
      propertyPath: m_LocalRotation.y
      value: -0
      objectReference: {fileID: 0}
    - target: {fileID: 3555111962211719975, guid: 0606b4cb0c591f94987a3acca9563e12, type: 3}
      propertyPath: m_LocalRotation.z
      value: -0
      objectReference: {fileID: 0}
    - target: {fileID: 3555111962211719975, guid: 0606b4cb0c591f94987a3acca9563e12, type: 3}
      propertyPath: m_LocalEulerAnglesHint.x
      value: 0
      objectReference: {fileID: 0}
    - target: {fileID: 3555111962211719975, guid: 0606b4cb0c591f94987a3acca9563e12, type: 3}
      propertyPath: m_LocalEulerAnglesHint.y
      value: 0
      objectReference: {fileID: 0}
    - target: {fileID: 3555111962211719975, guid: 0606b4cb0c591f94987a3acca9563e12, type: 3}
      propertyPath: m_LocalEulerAnglesHint.z
      value: 0
      objectReference: {fileID: 0}
    m_RemovedComponents: []
  m_SourcePrefab: {fileID: 100100000, guid: 0606b4cb0c591f94987a3acca9563e12, type: 3}
--- !u!4 &2082123059 stripped
Transform:
  m_CorrespondingSourceObject: {fileID: 3555111962211719975, guid: 0606b4cb0c591f94987a3acca9563e12, type: 3}
  m_PrefabInstance: {fileID: 2082123058}
  m_PrefabAsset: {fileID: 0}
--- !u!1001 &2138362447
PrefabInstance:
  m_ObjectHideFlags: 0
  serializedVersion: 2
  m_Modification:
    m_TransformParent: {fileID: 1861933686}
    m_Modifications:
    - target: {fileID: 2878775195225837259, guid: 0606b4cb0c591f94987a3acca9563e12, type: 3}
      propertyPath: m_Name
      value: DefendersBuildObjects (1)
      objectReference: {fileID: 0}
    - target: {fileID: 3555111962211719975, guid: 0606b4cb0c591f94987a3acca9563e12, type: 3}
      propertyPath: m_RootOrder
      value: 1
      objectReference: {fileID: 0}
    - target: {fileID: 3555111962211719975, guid: 0606b4cb0c591f94987a3acca9563e12, type: 3}
      propertyPath: m_LocalPosition.x
      value: 12.8
      objectReference: {fileID: 0}
    - target: {fileID: 3555111962211719975, guid: 0606b4cb0c591f94987a3acca9563e12, type: 3}
      propertyPath: m_LocalPosition.y
      value: 1
      objectReference: {fileID: 0}
    - target: {fileID: 3555111962211719975, guid: 0606b4cb0c591f94987a3acca9563e12, type: 3}
      propertyPath: m_LocalPosition.z
      value: 45.4
      objectReference: {fileID: 0}
    - target: {fileID: 3555111962211719975, guid: 0606b4cb0c591f94987a3acca9563e12, type: 3}
      propertyPath: m_LocalRotation.w
      value: 1
      objectReference: {fileID: 0}
    - target: {fileID: 3555111962211719975, guid: 0606b4cb0c591f94987a3acca9563e12, type: 3}
      propertyPath: m_LocalRotation.x
      value: -0
      objectReference: {fileID: 0}
    - target: {fileID: 3555111962211719975, guid: 0606b4cb0c591f94987a3acca9563e12, type: 3}
      propertyPath: m_LocalRotation.y
      value: -0
      objectReference: {fileID: 0}
    - target: {fileID: 3555111962211719975, guid: 0606b4cb0c591f94987a3acca9563e12, type: 3}
      propertyPath: m_LocalRotation.z
      value: -0
      objectReference: {fileID: 0}
    - target: {fileID: 3555111962211719975, guid: 0606b4cb0c591f94987a3acca9563e12, type: 3}
      propertyPath: m_LocalEulerAnglesHint.x
      value: 0
      objectReference: {fileID: 0}
    - target: {fileID: 3555111962211719975, guid: 0606b4cb0c591f94987a3acca9563e12, type: 3}
      propertyPath: m_LocalEulerAnglesHint.y
      value: 0
      objectReference: {fileID: 0}
    - target: {fileID: 3555111962211719975, guid: 0606b4cb0c591f94987a3acca9563e12, type: 3}
      propertyPath: m_LocalEulerAnglesHint.z
      value: 0
      objectReference: {fileID: 0}
    m_RemovedComponents: []
  m_SourcePrefab: {fileID: 100100000, guid: 0606b4cb0c591f94987a3acca9563e12, type: 3}
--- !u!4 &2138362448 stripped
Transform:
  m_CorrespondingSourceObject: {fileID: 3555111962211719975, guid: 0606b4cb0c591f94987a3acca9563e12, type: 3}
  m_PrefabInstance: {fileID: 2138362447}
  m_PrefabAsset: {fileID: 0}
--- !u!33 &152380366218039485
MeshFilter:
  m_ObjectHideFlags: 0
  m_CorrespondingSourceObject: {fileID: 0}
  m_PrefabInstance: {fileID: 0}
  m_PrefabAsset: {fileID: 0}
  m_GameObject: {fileID: 7548482774017271853}
  m_Mesh: {fileID: 10202, guid: 0000000000000000e000000000000000, type: 0}
--- !u!1001 &200306117510179675
PrefabInstance:
  m_ObjectHideFlags: 0
  serializedVersion: 2
  m_Modification:
    m_TransformParent: {fileID: 1861933686}
    m_Modifications:
    - target: {fileID: 2878775195225837259, guid: 0606b4cb0c591f94987a3acca9563e12, type: 3}
      propertyPath: m_Name
      value: DefendersBuildObjects
      objectReference: {fileID: 0}
    - target: {fileID: 3555111962211719975, guid: 0606b4cb0c591f94987a3acca9563e12, type: 3}
      propertyPath: m_RootOrder
      value: 0
      objectReference: {fileID: 0}
    - target: {fileID: 3555111962211719975, guid: 0606b4cb0c591f94987a3acca9563e12, type: 3}
      propertyPath: m_LocalPosition.x
      value: 46.1
      objectReference: {fileID: 0}
    - target: {fileID: 3555111962211719975, guid: 0606b4cb0c591f94987a3acca9563e12, type: 3}
      propertyPath: m_LocalPosition.y
      value: 1
      objectReference: {fileID: 0}
    - target: {fileID: 3555111962211719975, guid: 0606b4cb0c591f94987a3acca9563e12, type: 3}
      propertyPath: m_LocalPosition.z
      value: 45.4
      objectReference: {fileID: 0}
    - target: {fileID: 3555111962211719975, guid: 0606b4cb0c591f94987a3acca9563e12, type: 3}
      propertyPath: m_LocalRotation.w
      value: 1
      objectReference: {fileID: 0}
    - target: {fileID: 3555111962211719975, guid: 0606b4cb0c591f94987a3acca9563e12, type: 3}
      propertyPath: m_LocalRotation.x
      value: -0
      objectReference: {fileID: 0}
    - target: {fileID: 3555111962211719975, guid: 0606b4cb0c591f94987a3acca9563e12, type: 3}
      propertyPath: m_LocalRotation.y
      value: -0
      objectReference: {fileID: 0}
    - target: {fileID: 3555111962211719975, guid: 0606b4cb0c591f94987a3acca9563e12, type: 3}
      propertyPath: m_LocalRotation.z
      value: -0
      objectReference: {fileID: 0}
    - target: {fileID: 3555111962211719975, guid: 0606b4cb0c591f94987a3acca9563e12, type: 3}
      propertyPath: m_LocalEulerAnglesHint.x
      value: 0
      objectReference: {fileID: 0}
    - target: {fileID: 3555111962211719975, guid: 0606b4cb0c591f94987a3acca9563e12, type: 3}
      propertyPath: m_LocalEulerAnglesHint.y
      value: 0
      objectReference: {fileID: 0}
    - target: {fileID: 3555111962211719975, guid: 0606b4cb0c591f94987a3acca9563e12, type: 3}
      propertyPath: m_LocalEulerAnglesHint.z
      value: 0
      objectReference: {fileID: 0}
    m_RemovedComponents: []
  m_SourcePrefab: {fileID: 100100000, guid: 0606b4cb0c591f94987a3acca9563e12, type: 3}
--- !u!4 &200306117510179676 stripped
Transform:
  m_CorrespondingSourceObject: {fileID: 3555111962211719975, guid: 0606b4cb0c591f94987a3acca9563e12, type: 3}
  m_PrefabInstance: {fileID: 200306117510179675}
  m_PrefabAsset: {fileID: 0}
--- !u!33 &672066416834852042
MeshFilter:
  m_ObjectHideFlags: 0
  m_CorrespondingSourceObject: {fileID: 0}
  m_PrefabInstance: {fileID: 0}
  m_PrefabAsset: {fileID: 0}
  m_GameObject: {fileID: 8926891716379105369}
  m_Mesh: {fileID: 10202, guid: 0000000000000000e000000000000000, type: 0}
--- !u!33 &677885350382330642
MeshFilter:
  m_ObjectHideFlags: 0
  m_CorrespondingSourceObject: {fileID: 0}
  m_PrefabInstance: {fileID: 0}
  m_PrefabAsset: {fileID: 0}
  m_GameObject: {fileID: 840739845169590773}
  m_Mesh: {fileID: 10202, guid: 0000000000000000e000000000000000, type: 0}
--- !u!1 &840739845169590773
GameObject:
  m_ObjectHideFlags: 0
  m_CorrespondingSourceObject: {fileID: 0}
  m_PrefabInstance: {fileID: 0}
  m_PrefabAsset: {fileID: 0}
  serializedVersion: 6
  m_Component:
  - component: {fileID: 936302392232296732}
  - component: {fileID: 677885350382330642}
  - component: {fileID: 8839528393487271076}
  - component: {fileID: 5675862712270243672}
  m_Layer: 0
  m_Name: DownTower
  m_TagString: Untagged
  m_Icon: {fileID: 0}
  m_NavMeshLayer: 0
  m_StaticEditorFlags: 0
  m_IsActive: 1
--- !u!4 &936302392232296732
Transform:
  m_ObjectHideFlags: 0
  m_CorrespondingSourceObject: {fileID: 0}
  m_PrefabInstance: {fileID: 0}
  m_PrefabAsset: {fileID: 0}
  m_GameObject: {fileID: 840739845169590773}
  m_LocalRotation: {x: -0, y: -0, z: -0, w: 1}
  m_LocalPosition: {x: 0.30751243, y: 0.7887901, z: 0}
  m_LocalScale: {x: 0.021828618, y: 2.5775805, z: 1}
  m_ConstrainProportionsScale: 0
  m_Children: []
  m_Father: {fileID: 5019614331734852150}
  m_RootOrder: 0
  m_LocalEulerAnglesHint: {x: 0, y: 0, z: 0}
--- !u!65 &1608035149798205844
BoxCollider:
  m_ObjectHideFlags: 0
  m_CorrespondingSourceObject: {fileID: 0}
  m_PrefabInstance: {fileID: 0}
  m_PrefabAsset: {fileID: 0}
  m_GameObject: {fileID: 2404816807141340681}
  m_Material: {fileID: 0}
  m_IsTrigger: 0
  m_Enabled: 1
  serializedVersion: 2
  m_Size: {x: 1, y: 1, z: 1}
  m_Center: {x: 0, y: 0, z: 0}
--- !u!23 &1701793835406668597
MeshRenderer:
  m_ObjectHideFlags: 0
  m_CorrespondingSourceObject: {fileID: 0}
  m_PrefabInstance: {fileID: 0}
  m_PrefabAsset: {fileID: 0}
  m_GameObject: {fileID: 8926891716379105369}
  m_Enabled: 1
  m_CastShadows: 1
  m_ReceiveShadows: 1
  m_DynamicOccludee: 1
  m_StaticShadowCaster: 0
  m_MotionVectors: 1
  m_LightProbeUsage: 1
  m_ReflectionProbeUsage: 1
  m_RayTracingMode: 2
  m_RayTraceProcedural: 0
  m_RenderingLayerMask: 1
  m_RendererPriority: 0
  m_Materials:
  - {fileID: 2100000, guid: b798037cde2b9d549aa05a2bcc819a92, type: 2}
  m_StaticBatchInfo:
    firstSubMesh: 0
    subMeshCount: 0
  m_StaticBatchRoot: {fileID: 0}
  m_ProbeAnchor: {fileID: 0}
  m_LightProbeVolumeOverride: {fileID: 0}
  m_ScaleInLightmap: 1
  m_ReceiveGI: 1
  m_PreserveUVs: 0
  m_IgnoreNormalsForChartDetection: 0
  m_ImportantGI: 0
  m_StitchLightmapSeams: 1
  m_SelectedEditorRenderState: 3
  m_MinimumChartSize: 4
  m_AutoUVMaxDistance: 0.5
  m_AutoUVMaxAngle: 89
  m_LightmapParameters: {fileID: 0}
  m_SortingLayerID: 0
  m_SortingLayer: 0
  m_SortingOrder: 0
  m_AdditionalVertexStreams: {fileID: 0}
--- !u!23 &2224554932633293745
MeshRenderer:
  m_ObjectHideFlags: 0
  m_CorrespondingSourceObject: {fileID: 0}
  m_PrefabInstance: {fileID: 0}
  m_PrefabAsset: {fileID: 0}
  m_GameObject: {fileID: 7548482774017271853}
  m_Enabled: 1
  m_CastShadows: 1
  m_ReceiveShadows: 1
  m_DynamicOccludee: 1
  m_StaticShadowCaster: 0
  m_MotionVectors: 1
  m_LightProbeUsage: 1
  m_ReflectionProbeUsage: 1
  m_RayTracingMode: 2
  m_RayTraceProcedural: 0
  m_RenderingLayerMask: 1
  m_RendererPriority: 0
  m_Materials:
  - {fileID: 2100000, guid: b798037cde2b9d549aa05a2bcc819a92, type: 2}
  m_StaticBatchInfo:
    firstSubMesh: 0
    subMeshCount: 0
  m_StaticBatchRoot: {fileID: 0}
  m_ProbeAnchor: {fileID: 0}
  m_LightProbeVolumeOverride: {fileID: 0}
  m_ScaleInLightmap: 1
  m_ReceiveGI: 1
  m_PreserveUVs: 0
  m_IgnoreNormalsForChartDetection: 0
  m_ImportantGI: 0
  m_StitchLightmapSeams: 1
  m_SelectedEditorRenderState: 3
  m_MinimumChartSize: 4
  m_AutoUVMaxDistance: 0.5
  m_AutoUVMaxAngle: 89
  m_LightmapParameters: {fileID: 0}
  m_SortingLayerID: 0
  m_SortingLayer: 0
  m_SortingOrder: 0
  m_AdditionalVertexStreams: {fileID: 0}
--- !u!23 &2246121072403156903
MeshRenderer:
  m_ObjectHideFlags: 0
  m_CorrespondingSourceObject: {fileID: 0}
  m_PrefabInstance: {fileID: 0}
  m_PrefabAsset: {fileID: 0}
  m_GameObject: {fileID: 2404816807141340681}
  m_Enabled: 1
  m_CastShadows: 1
  m_ReceiveShadows: 1
  m_DynamicOccludee: 1
  m_StaticShadowCaster: 0
  m_MotionVectors: 1
  m_LightProbeUsage: 1
  m_ReflectionProbeUsage: 1
  m_RayTracingMode: 2
  m_RayTraceProcedural: 0
  m_RenderingLayerMask: 1
  m_RendererPriority: 0
  m_Materials:
  - {fileID: 2100000, guid: b798037cde2b9d549aa05a2bcc819a92, type: 2}
  m_StaticBatchInfo:
    firstSubMesh: 0
    subMeshCount: 0
  m_StaticBatchRoot: {fileID: 0}
  m_ProbeAnchor: {fileID: 0}
  m_LightProbeVolumeOverride: {fileID: 0}
  m_ScaleInLightmap: 1
  m_ReceiveGI: 1
  m_PreserveUVs: 0
  m_IgnoreNormalsForChartDetection: 0
  m_ImportantGI: 0
  m_StitchLightmapSeams: 1
  m_SelectedEditorRenderState: 3
  m_MinimumChartSize: 4
  m_AutoUVMaxDistance: 0.5
  m_AutoUVMaxAngle: 89
  m_LightmapParameters: {fileID: 0}
  m_SortingLayerID: 0
  m_SortingLayer: 0
  m_SortingOrder: 0
  m_AdditionalVertexStreams: {fileID: 0}
--- !u!1001 &2315999567184795404
PrefabInstance:
  m_ObjectHideFlags: 0
  serializedVersion: 2
  m_Modification:
    m_TransformParent: {fileID: 0}
    m_Modifications:
    - target: {fileID: 4297994211640097714, guid: a57d45b0659436e499a736b5a6677573, type: 3}
      propertyPath: m_Name
      value: TownHall
      objectReference: {fileID: 0}
    - target: {fileID: 8403884043411060012, guid: a57d45b0659436e499a736b5a6677573, type: 3}
      propertyPath: m_RootOrder
      value: 3
      objectReference: {fileID: 0}
    - target: {fileID: 8403884043411060012, guid: a57d45b0659436e499a736b5a6677573, type: 3}
      propertyPath: m_LocalPosition.x
      value: 12.5
      objectReference: {fileID: 0}
    - target: {fileID: 8403884043411060012, guid: a57d45b0659436e499a736b5a6677573, type: 3}
      propertyPath: m_LocalPosition.y
      value: 8.6217
      objectReference: {fileID: 0}
    - target: {fileID: 8403884043411060012, guid: a57d45b0659436e499a736b5a6677573, type: 3}
      propertyPath: m_LocalPosition.z
      value: 107.1
      objectReference: {fileID: 0}
    - target: {fileID: 8403884043411060012, guid: a57d45b0659436e499a736b5a6677573, type: 3}
      propertyPath: m_LocalRotation.w
      value: 1
      objectReference: {fileID: 0}
    - target: {fileID: 8403884043411060012, guid: a57d45b0659436e499a736b5a6677573, type: 3}
      propertyPath: m_LocalRotation.x
      value: 0
      objectReference: {fileID: 0}
    - target: {fileID: 8403884043411060012, guid: a57d45b0659436e499a736b5a6677573, type: 3}
      propertyPath: m_LocalRotation.y
      value: 0
      objectReference: {fileID: 0}
    - target: {fileID: 8403884043411060012, guid: a57d45b0659436e499a736b5a6677573, type: 3}
      propertyPath: m_LocalRotation.z
      value: 0
      objectReference: {fileID: 0}
    - target: {fileID: 8403884043411060012, guid: a57d45b0659436e499a736b5a6677573, type: 3}
      propertyPath: m_LocalEulerAnglesHint.x
      value: 0
      objectReference: {fileID: 0}
    - target: {fileID: 8403884043411060012, guid: a57d45b0659436e499a736b5a6677573, type: 3}
      propertyPath: m_LocalEulerAnglesHint.y
      value: 0
      objectReference: {fileID: 0}
    - target: {fileID: 8403884043411060012, guid: a57d45b0659436e499a736b5a6677573, type: 3}
      propertyPath: m_LocalEulerAnglesHint.z
      value: 0
      objectReference: {fileID: 0}
    m_RemovedComponents: []
  m_SourcePrefab: {fileID: 100100000, guid: a57d45b0659436e499a736b5a6677573, type: 3}
--- !u!1 &2404816807141340681
GameObject:
  m_ObjectHideFlags: 0
  m_CorrespondingSourceObject: {fileID: 0}
  m_PrefabInstance: {fileID: 0}
  m_PrefabAsset: {fileID: 0}
  serializedVersion: 6
  m_Component:
  - component: {fileID: 5019614331734852150}
  - component: {fileID: 7674473657586930359}
  - component: {fileID: 2246121072403156903}
  - component: {fileID: 1608035149798205844}
  m_Layer: 0
  m_Name: Wall
  m_TagString: Untagged
  m_Icon: {fileID: 0}
  m_NavMeshLayer: 0
  m_StaticEditorFlags: 0
  m_IsActive: 1
--- !u!1001 &2516465430254536970
PrefabInstance:
  m_ObjectHideFlags: 0
  serializedVersion: 2
  m_Modification:
    m_TransformParent: {fileID: 0}
    m_Modifications:
    - target: {fileID: 2516465429550506282, guid: 06b349fe883db184ab091172f5842b74, type: 3}
      propertyPath: m_Name
      value: CameraParentObj
      objectReference: {fileID: 0}
    - target: {fileID: 2516465429550506283, guid: 06b349fe883db184ab091172f5842b74, type: 3}
      propertyPath: m_RootOrder
      value: 9
      objectReference: {fileID: 0}
    - target: {fileID: 2516465429550506283, guid: 06b349fe883db184ab091172f5842b74, type: 3}
      propertyPath: m_LocalPosition.x
      value: 8.13
      objectReference: {fileID: 0}
    - target: {fileID: 2516465429550506283, guid: 06b349fe883db184ab091172f5842b74, type: 3}
      propertyPath: m_LocalPosition.y
      value: 0
      objectReference: {fileID: 0}
    - target: {fileID: 2516465429550506283, guid: 06b349fe883db184ab091172f5842b74, type: 3}
      propertyPath: m_LocalPosition.z
      value: -17.57
      objectReference: {fileID: 0}
    - target: {fileID: 2516465429550506283, guid: 06b349fe883db184ab091172f5842b74, type: 3}
      propertyPath: m_LocalRotation.w
      value: 1
      objectReference: {fileID: 0}
    - target: {fileID: 2516465429550506283, guid: 06b349fe883db184ab091172f5842b74, type: 3}
      propertyPath: m_LocalRotation.x
      value: 0
      objectReference: {fileID: 0}
    - target: {fileID: 2516465429550506283, guid: 06b349fe883db184ab091172f5842b74, type: 3}
      propertyPath: m_LocalRotation.y
      value: 0
      objectReference: {fileID: 0}
    - target: {fileID: 2516465429550506283, guid: 06b349fe883db184ab091172f5842b74, type: 3}
      propertyPath: m_LocalRotation.z
      value: 0
      objectReference: {fileID: 0}
    - target: {fileID: 2516465429550506283, guid: 06b349fe883db184ab091172f5842b74, type: 3}
      propertyPath: m_LocalEulerAnglesHint.x
      value: 0
      objectReference: {fileID: 0}
    - target: {fileID: 2516465429550506283, guid: 06b349fe883db184ab091172f5842b74, type: 3}
      propertyPath: m_LocalEulerAnglesHint.y
      value: 0
      objectReference: {fileID: 0}
    - target: {fileID: 2516465429550506283, guid: 06b349fe883db184ab091172f5842b74, type: 3}
      propertyPath: m_LocalEulerAnglesHint.z
      value: 0
      objectReference: {fileID: 0}
    - target: {fileID: 2516465430369297535, guid: 06b349fe883db184ab091172f5842b74, type: 3}
      propertyPath: _cameraSpeed
      value: 250
      objectReference: {fileID: 0}
    - target: {fileID: 2516465430369297535, guid: 06b349fe883db184ab091172f5842b74, type: 3}
      propertyPath: _scrollSpeed
      value: 6000
      objectReference: {fileID: 0}
    - target: {fileID: 2516465430369297535, guid: 06b349fe883db184ab091172f5842b74, type: 3}
      propertyPath: _borderThickness
      value: 100
      objectReference: {fileID: 0}
    m_RemovedComponents: []
  m_SourcePrefab: {fileID: 100100000, guid: 06b349fe883db184ab091172f5842b74, type: 3}
--- !u!1001 &3591432352093381380
PrefabInstance:
  m_ObjectHideFlags: 0
  serializedVersion: 2
  m_Modification:
    m_TransformParent: {fileID: 0}
    m_Modifications:
    - target: {fileID: 3591432353094093162, guid: f8a941c2566cc744b97d803ee0749910, type: 3}
      propertyPath: m_Name
      value: Mountains
      objectReference: {fileID: 0}
    - target: {fileID: 3591432353094093174, guid: f8a941c2566cc744b97d803ee0749910, type: 3}
      propertyPath: m_RootOrder
      value: 4
      objectReference: {fileID: 0}
    - target: {fileID: 3591432353094093174, guid: f8a941c2566cc744b97d803ee0749910, type: 3}
      propertyPath: m_LocalScale.x
      value: 1435.5605
      objectReference: {fileID: 0}
    - target: {fileID: 3591432353094093174, guid: f8a941c2566cc744b97d803ee0749910, type: 3}
      propertyPath: m_LocalScale.z
      value: 537.2105
      objectReference: {fileID: 0}
    - target: {fileID: 3591432353094093174, guid: f8a941c2566cc744b97d803ee0749910, type: 3}
      propertyPath: m_LocalPosition.x
      value: -344.6745
      objectReference: {fileID: 0}
    - target: {fileID: 3591432353094093174, guid: f8a941c2566cc744b97d803ee0749910, type: 3}
      propertyPath: m_LocalPosition.y
      value: 40.1795
      objectReference: {fileID: 0}
    - target: {fileID: 3591432353094093174, guid: f8a941c2566cc744b97d803ee0749910, type: 3}
      propertyPath: m_LocalPosition.z
      value: 439.6888
      objectReference: {fileID: 0}
    - target: {fileID: 3591432353094093174, guid: f8a941c2566cc744b97d803ee0749910, type: 3}
      propertyPath: m_LocalRotation.w
      value: 1
      objectReference: {fileID: 0}
    - target: {fileID: 3591432353094093174, guid: f8a941c2566cc744b97d803ee0749910, type: 3}
      propertyPath: m_LocalRotation.x
      value: 0
      objectReference: {fileID: 0}
    - target: {fileID: 3591432353094093174, guid: f8a941c2566cc744b97d803ee0749910, type: 3}
      propertyPath: m_LocalRotation.y
      value: 0
      objectReference: {fileID: 0}
    - target: {fileID: 3591432353094093174, guid: f8a941c2566cc744b97d803ee0749910, type: 3}
      propertyPath: m_LocalRotation.z
      value: 0
      objectReference: {fileID: 0}
    - target: {fileID: 3591432353094093174, guid: f8a941c2566cc744b97d803ee0749910, type: 3}
      propertyPath: m_LocalEulerAnglesHint.x
      value: 0
      objectReference: {fileID: 0}
    - target: {fileID: 3591432353094093174, guid: f8a941c2566cc744b97d803ee0749910, type: 3}
      propertyPath: m_LocalEulerAnglesHint.y
      value: 0
      objectReference: {fileID: 0}
    - target: {fileID: 3591432353094093174, guid: f8a941c2566cc744b97d803ee0749910, type: 3}
      propertyPath: m_LocalEulerAnglesHint.z
      value: 0
      objectReference: {fileID: 0}
    m_RemovedComponents: []
  m_SourcePrefab: {fileID: 100100000, guid: f8a941c2566cc744b97d803ee0749910, type: 3}
--- !u!4 &5019614331734852150
Transform:
  m_ObjectHideFlags: 0
  m_CorrespondingSourceObject: {fileID: 0}
  m_PrefabInstance: {fileID: 0}
  m_PrefabAsset: {fileID: 0}
  m_GameObject: {fileID: 2404816807141340681}
  m_LocalRotation: {x: 0, y: 0, z: 0, w: 1}
  m_LocalPosition: {x: -345.6528, y: 11.0672, z: -2.9065}
  m_LocalScale: {x: 1439.2214, y: 22.134605, z: 22.851408}
  m_ConstrainProportionsScale: 0
  m_Children:
  - {fileID: 936302392232296732}
  - {fileID: 8038026765712315537}
  - {fileID: 7518740270154225321}
  m_Father: {fileID: 0}
  m_RootOrder: 2
  m_LocalEulerAnglesHint: {x: 0, y: 0, z: 0}
--- !u!65 &5675862712270243672
BoxCollider:
  m_ObjectHideFlags: 0
  m_CorrespondingSourceObject: {fileID: 0}
  m_PrefabInstance: {fileID: 0}
  m_PrefabAsset: {fileID: 0}
  m_GameObject: {fileID: 840739845169590773}
  m_Material: {fileID: 0}
  m_IsTrigger: 0
  m_Enabled: 1
  serializedVersion: 2
  m_Size: {x: 1.0000001, y: 1, z: 0.99999994}
  m_Center: {x: -0.0000019073489, y: -0.00000095367426, z: 0}
--- !u!65 &5793892649352511123
BoxCollider:
  m_ObjectHideFlags: 0
  m_CorrespondingSourceObject: {fileID: 0}
  m_PrefabInstance: {fileID: 0}
  m_PrefabAsset: {fileID: 0}
  m_GameObject: {fileID: 7548482774017271853}
  m_Material: {fileID: 0}
  m_IsTrigger: 0
  m_Enabled: 1
  serializedVersion: 2
  m_Size: {x: 1.0000001, y: 1, z: 0.99999994}
  m_Center: {x: -0.0000019073489, y: -0.00000095367426, z: 0}
--- !u!1001 &6163356153399738569
PrefabInstance:
  m_ObjectHideFlags: 0
  serializedVersion: 2
  m_Modification:
    m_TransformParent: {fileID: 1495559794}
    m_Modifications:
    - target: {fileID: 2447093730711317284, guid: 25f1c94d4c032a5429fd1a46d557f834, type: 3}
      propertyPath: m_Name
      value: AttackersBuildObject
      objectReference: {fileID: 0}
    - target: {fileID: 2751487388861285048, guid: 25f1c94d4c032a5429fd1a46d557f834, type: 3}
      propertyPath: m_RootOrder
      value: 0
      objectReference: {fileID: 0}
    - target: {fileID: 2751487388861285048, guid: 25f1c94d4c032a5429fd1a46d557f834, type: 3}
      propertyPath: m_LocalPosition.x
      value: 69.85705
      objectReference: {fileID: 0}
    - target: {fileID: 2751487388861285048, guid: 25f1c94d4c032a5429fd1a46d557f834, type: 3}
      propertyPath: m_LocalPosition.y
      value: 1
      objectReference: {fileID: 0}
    - target: {fileID: 2751487388861285048, guid: 25f1c94d4c032a5429fd1a46d557f834, type: 3}
      propertyPath: m_LocalPosition.z
      value: -110.4
      objectReference: {fileID: 0}
    - target: {fileID: 2751487388861285048, guid: 25f1c94d4c032a5429fd1a46d557f834, type: 3}
      propertyPath: m_LocalRotation.w
      value: 1
      objectReference: {fileID: 0}
    - target: {fileID: 2751487388861285048, guid: 25f1c94d4c032a5429fd1a46d557f834, type: 3}
      propertyPath: m_LocalRotation.x
      value: -0
      objectReference: {fileID: 0}
    - target: {fileID: 2751487388861285048, guid: 25f1c94d4c032a5429fd1a46d557f834, type: 3}
      propertyPath: m_LocalRotation.y
      value: -0
      objectReference: {fileID: 0}
    - target: {fileID: 2751487388861285048, guid: 25f1c94d4c032a5429fd1a46d557f834, type: 3}
      propertyPath: m_LocalRotation.z
      value: -0
      objectReference: {fileID: 0}
    - target: {fileID: 2751487388861285048, guid: 25f1c94d4c032a5429fd1a46d557f834, type: 3}
      propertyPath: m_LocalEulerAnglesHint.x
      value: 0
      objectReference: {fileID: 0}
    - target: {fileID: 2751487388861285048, guid: 25f1c94d4c032a5429fd1a46d557f834, type: 3}
      propertyPath: m_LocalEulerAnglesHint.y
      value: 0
      objectReference: {fileID: 0}
    - target: {fileID: 2751487388861285048, guid: 25f1c94d4c032a5429fd1a46d557f834, type: 3}
      propertyPath: m_LocalEulerAnglesHint.z
      value: 0
      objectReference: {fileID: 0}
    m_RemovedComponents: []
  m_SourcePrefab: {fileID: 100100000, guid: 25f1c94d4c032a5429fd1a46d557f834, type: 3}
--- !u!4 &6163356153399738570 stripped
Transform:
  m_CorrespondingSourceObject: {fileID: 2751487388861285048, guid: 25f1c94d4c032a5429fd1a46d557f834, type: 3}
  m_PrefabInstance: {fileID: 6163356153399738569}
  m_PrefabAsset: {fileID: 0}
--- !u!4 &7518740270154225321
Transform:
  m_ObjectHideFlags: 0
  m_CorrespondingSourceObject: {fileID: 0}
  m_PrefabInstance: {fileID: 0}
  m_PrefabAsset: {fileID: 0}
  m_GameObject: {fileID: 7548482774017271853}
  m_LocalRotation: {x: -0, y: -0, z: -0, w: 1}
  m_LocalPosition: {x: 0.2292849, y: 0.18578003, z: 0}
  m_LocalScale: {x: 0.021828618, y: 1.3715563, z: 1}
  m_ConstrainProportionsScale: 0
  m_Children: []
  m_Father: {fileID: 5019614331734852150}
  m_RootOrder: 2
  m_LocalEulerAnglesHint: {x: 0, y: 0, z: 0}
--- !u!1 &7548482774017271853
GameObject:
  m_ObjectHideFlags: 0
  m_CorrespondingSourceObject: {fileID: 0}
  m_PrefabInstance: {fileID: 0}
  m_PrefabAsset: {fileID: 0}
  serializedVersion: 6
  m_Component:
  - component: {fileID: 7518740270154225321}
  - component: {fileID: 152380366218039485}
  - component: {fileID: 2224554932633293745}
  - component: {fileID: 5793892649352511123}
  m_Layer: 0
  m_Name: Gate
  m_TagString: Untagged
  m_Icon: {fileID: 0}
  m_NavMeshLayer: 0
  m_StaticEditorFlags: 0
  m_IsActive: 1
--- !u!33 &7674473657586930359
MeshFilter:
  m_ObjectHideFlags: 0
  m_CorrespondingSourceObject: {fileID: 0}
  m_PrefabInstance: {fileID: 0}
  m_PrefabAsset: {fileID: 0}
  m_GameObject: {fileID: 2404816807141340681}
  m_Mesh: {fileID: 10202, guid: 0000000000000000e000000000000000, type: 0}
--- !u!4 &8038026765712315537
Transform:
  m_ObjectHideFlags: 0
  m_CorrespondingSourceObject: {fileID: 0}
  m_PrefabInstance: {fileID: 0}
  m_PrefabAsset: {fileID: 0}
  m_GameObject: {fileID: 8926891716379105369}
  m_LocalRotation: {x: -0, y: -0, z: -0, w: 1}
  m_LocalPosition: {x: 0.1309901, y: 0.7887901, z: 0}
  m_LocalScale: {x: 0.021828618, y: 2.5775805, z: 1}
  m_ConstrainProportionsScale: 0
  m_Children: []
  m_Father: {fileID: 5019614331734852150}
  m_RootOrder: 1
  m_LocalEulerAnglesHint: {x: 0, y: 0, z: 0}
--- !u!1001 &8045122792028604433
PrefabInstance:
  m_ObjectHideFlags: 0
  serializedVersion: 2
  m_Modification:
    m_TransformParent: {fileID: 1495559794}
    m_Modifications:
    - target: {fileID: 8045122791982560486, guid: ab873cfa02a766c46b075bd25d272a04, type: 3}
      propertyPath: m_Name
      value: SiegeCamp
      objectReference: {fileID: 0}
    - target: {fileID: 8045122791982560490, guid: ab873cfa02a766c46b075bd25d272a04, type: 3}
      propertyPath: m_RootOrder
      value: 8
      objectReference: {fileID: 0}
    - target: {fileID: 8045122791982560490, guid: ab873cfa02a766c46b075bd25d272a04, type: 3}
      propertyPath: m_LocalPosition.x
      value: 0
      objectReference: {fileID: 0}
    - target: {fileID: 8045122791982560490, guid: ab873cfa02a766c46b075bd25d272a04, type: 3}
      propertyPath: m_LocalPosition.y
      value: 8.5649
      objectReference: {fileID: 0}
    - target: {fileID: 8045122791982560490, guid: ab873cfa02a766c46b075bd25d272a04, type: 3}
      propertyPath: m_LocalPosition.z
      value: -166.2
      objectReference: {fileID: 0}
    - target: {fileID: 8045122791982560490, guid: ab873cfa02a766c46b075bd25d272a04, type: 3}
      propertyPath: m_LocalRotation.w
      value: 1
      objectReference: {fileID: 0}
    - target: {fileID: 8045122791982560490, guid: ab873cfa02a766c46b075bd25d272a04, type: 3}
      propertyPath: m_LocalRotation.x
      value: -0
      objectReference: {fileID: 0}
    - target: {fileID: 8045122791982560490, guid: ab873cfa02a766c46b075bd25d272a04, type: 3}
      propertyPath: m_LocalRotation.y
      value: -0
      objectReference: {fileID: 0}
    - target: {fileID: 8045122791982560490, guid: ab873cfa02a766c46b075bd25d272a04, type: 3}
      propertyPath: m_LocalRotation.z
      value: -0
      objectReference: {fileID: 0}
    - target: {fileID: 8045122791982560490, guid: ab873cfa02a766c46b075bd25d272a04, type: 3}
      propertyPath: m_LocalEulerAnglesHint.x
      value: 0
      objectReference: {fileID: 0}
    - target: {fileID: 8045122791982560490, guid: ab873cfa02a766c46b075bd25d272a04, type: 3}
      propertyPath: m_LocalEulerAnglesHint.y
      value: 0
      objectReference: {fileID: 0}
    - target: {fileID: 8045122791982560490, guid: ab873cfa02a766c46b075bd25d272a04, type: 3}
      propertyPath: m_LocalEulerAnglesHint.z
      value: 0
      objectReference: {fileID: 0}
    m_RemovedComponents: []
  m_SourcePrefab: {fileID: 100100000, guid: ab873cfa02a766c46b075bd25d272a04, type: 3}
--- !u!65 &8276407907251615776
BoxCollider:
  m_ObjectHideFlags: 0
  m_CorrespondingSourceObject: {fileID: 0}
  m_PrefabInstance: {fileID: 0}
  m_PrefabAsset: {fileID: 0}
  m_GameObject: {fileID: 8926891716379105369}
  m_Material: {fileID: 0}
  m_IsTrigger: 0
  m_Enabled: 1
  serializedVersion: 2
  m_Size: {x: 1.0000001, y: 1, z: 0.99999994}
  m_Center: {x: -0.0000019073489, y: -0.00000095367426, z: 0}
--- !u!23 &8839528393487271076
MeshRenderer:
  m_ObjectHideFlags: 0
  m_CorrespondingSourceObject: {fileID: 0}
  m_PrefabInstance: {fileID: 0}
  m_PrefabAsset: {fileID: 0}
  m_GameObject: {fileID: 840739845169590773}
  m_Enabled: 1
  m_CastShadows: 1
  m_ReceiveShadows: 1
  m_DynamicOccludee: 1
  m_StaticShadowCaster: 0
  m_MotionVectors: 1
  m_LightProbeUsage: 1
  m_ReflectionProbeUsage: 1
  m_RayTracingMode: 2
  m_RayTraceProcedural: 0
  m_RenderingLayerMask: 1
  m_RendererPriority: 0
  m_Materials:
  - {fileID: 2100000, guid: b798037cde2b9d549aa05a2bcc819a92, type: 2}
  m_StaticBatchInfo:
    firstSubMesh: 0
    subMeshCount: 0
  m_StaticBatchRoot: {fileID: 0}
  m_ProbeAnchor: {fileID: 0}
  m_LightProbeVolumeOverride: {fileID: 0}
  m_ScaleInLightmap: 1
  m_ReceiveGI: 1
  m_PreserveUVs: 0
  m_IgnoreNormalsForChartDetection: 0
  m_ImportantGI: 0
  m_StitchLightmapSeams: 1
  m_SelectedEditorRenderState: 3
  m_MinimumChartSize: 4
  m_AutoUVMaxDistance: 0.5
  m_AutoUVMaxAngle: 89
  m_LightmapParameters: {fileID: 0}
  m_SortingLayerID: 0
  m_SortingLayer: 0
  m_SortingOrder: 0
  m_AdditionalVertexStreams: {fileID: 0}
--- !u!1 &8926891716379105369
GameObject:
  m_ObjectHideFlags: 0
  m_CorrespondingSourceObject: {fileID: 0}
  m_PrefabInstance: {fileID: 0}
  m_PrefabAsset: {fileID: 0}
  serializedVersion: 6
  m_Component:
  - component: {fileID: 8038026765712315537}
  - component: {fileID: 672066416834852042}
  - component: {fileID: 1701793835406668597}
  - component: {fileID: 8276407907251615776}
  m_Layer: 0
  m_Name: UpperTower
  m_TagString: Untagged
  m_Icon: {fileID: 0}
  m_NavMeshLayer: 0
  m_StaticEditorFlags: 0
  m_IsActive: 1
