%YAML 1.1
%TAG !u! tag:unity3d.com,2011:
--- !u!1 &2086634319051832424
GameObject:
  m_ObjectHideFlags: 0
  m_CorrespondingSourceObject: {fileID: 0}
  m_PrefabInstance: {fileID: 0}
  m_PrefabAsset: {fileID: 0}
  serializedVersion: 6
  m_Component:
  - component: {fileID: 8397853662895970904}
  m_Layer: 0
  m_Name: Farm
  m_TagString: Untagged
  m_Icon: {fileID: 0}
  m_NavMeshLayer: 0
  m_StaticEditorFlags: 0
  m_IsActive: 1
--- !u!4 &8397853662895970904
Transform:
  m_ObjectHideFlags: 0
  m_CorrespondingSourceObject: {fileID: 0}
  m_PrefabInstance: {fileID: 0}
  m_PrefabAsset: {fileID: 0}
  m_GameObject: {fileID: 2086634319051832424}
  m_LocalRotation: {x: 0, y: 0, z: 0, w: 1}
  m_LocalPosition: {x: 0, y: 0, z: 0}
  m_LocalScale: {x: 1, y: 1, z: 1}
  m_ConstrainProportionsScale: 0
  m_Children:
  - {fileID: 5248470474080099270}
  - {fileID: 5248470474042361470}
  - {fileID: 5248470474837031502}
  - {fileID: 5248470473961658949}
  - {fileID: 5248470474560027149}
  - {fileID: 5248470473439830107}
  - {fileID: 5248470474534395056}
  - {fileID: 5248470473943947468}
  - {fileID: 5248470474867422546}
  - {fileID: 5248470474011961404}
  - {fileID: 5248470474417678551}
  - {fileID: 5248470475266231315}
  - {fileID: 5248470474894754740}
  - {fileID: 5248470473939256821}
  - {fileID: 5248470473352267538}
  - {fileID: 5248470474088756796}
  - {fileID: 5248470475001878890}
  - {fileID: 5248470474308757138}
  - {fileID: 5248470473352346115}
  - {fileID: 5248470474846703241}
  - {fileID: 5248470473633086240}
  - {fileID: 5248470474434828269}
  - {fileID: 5248470473623620886}
  - {fileID: 3203571596293675939}
  - {fileID: 1709696466556067741}
  - {fileID: 8033497806934182605}
  - {fileID: 4798308918350394498}
  - {fileID: 5274302829057763648}
  - {fileID: 5962281652295463888}
  - {fileID: 5556002667538114756}
  - {fileID: 3656355394041218332}
  - {fileID: 7159274027543237535}
  m_Father: {fileID: 0}
  m_RootOrder: 0
  m_LocalEulerAnglesHint: {x: 0, y: 0, z: 0}
--- !u!1001 &1166633092076402806
PrefabInstance:
  m_ObjectHideFlags: 0
  serializedVersion: 2
  m_Modification:
    m_TransformParent: {fileID: 8397853662895970904}
    m_Modifications:
    - target: {fileID: -8679921383154817045, guid: f57338bfb7ae94141bdb806411e69443, type: 3}
      propertyPath: m_RootOrder
      value: 24
      objectReference: {fileID: 0}
    - target: {fileID: -8679921383154817045, guid: f57338bfb7ae94141bdb806411e69443, type: 3}
      propertyPath: m_LocalPosition.x
      value: 19.341148
      objectReference: {fileID: 0}
    - target: {fileID: -8679921383154817045, guid: f57338bfb7ae94141bdb806411e69443, type: 3}
      propertyPath: m_LocalPosition.y
      value: 2.58
      objectReference: {fileID: 0}
    - target: {fileID: -8679921383154817045, guid: f57338bfb7ae94141bdb806411e69443, type: 3}
      propertyPath: m_LocalPosition.z
      value: 3.9780579
      objectReference: {fileID: 0}
    - target: {fileID: -8679921383154817045, guid: f57338bfb7ae94141bdb806411e69443, type: 3}
      propertyPath: m_LocalRotation.w
      value: 0.7071059
      objectReference: {fileID: 0}
    - target: {fileID: -8679921383154817045, guid: f57338bfb7ae94141bdb806411e69443, type: 3}
      propertyPath: m_LocalRotation.x
      value: -8.6595626e-17
      objectReference: {fileID: 0}
    - target: {fileID: -8679921383154817045, guid: f57338bfb7ae94141bdb806411e69443, type: 3}
      propertyPath: m_LocalRotation.y
      value: 0.7071077
      objectReference: {fileID: 0}
    - target: {fileID: -8679921383154817045, guid: f57338bfb7ae94141bdb806411e69443, type: 3}
      propertyPath: m_LocalRotation.z
      value: 1.3400326e-22
      objectReference: {fileID: 0}
    - target: {fileID: -8679921383154817045, guid: f57338bfb7ae94141bdb806411e69443, type: 3}
      propertyPath: m_LocalEulerAnglesHint.x
      value: 0
      objectReference: {fileID: 0}
    - target: {fileID: -8679921383154817045, guid: f57338bfb7ae94141bdb806411e69443, type: 3}
      propertyPath: m_LocalEulerAnglesHint.y
      value: 90
      objectReference: {fileID: 0}
    - target: {fileID: -8679921383154817045, guid: f57338bfb7ae94141bdb806411e69443, type: 3}
      propertyPath: m_LocalEulerAnglesHint.z
      value: 0
      objectReference: {fileID: 0}
    - target: {fileID: 919132149155446097, guid: f57338bfb7ae94141bdb806411e69443, type: 3}
      propertyPath: m_Name
      value: Farm_Fence_half (20)
      objectReference: {fileID: 0}
    m_RemovedComponents: []
  m_SourcePrefab: {fileID: 100100000, guid: f57338bfb7ae94141bdb806411e69443, type: 3}
--- !u!4 &1709696466556067741 stripped
Transform:
  m_CorrespondingSourceObject: {fileID: -8679921383154817045, guid: f57338bfb7ae94141bdb806411e69443, type: 3}
  m_PrefabInstance: {fileID: 1166633092076402806}
  m_PrefabAsset: {fileID: 0}
--- !u!1001 &3170505660947299400
PrefabInstance:
  m_ObjectHideFlags: 0
  serializedVersion: 2
  m_Modification:
    m_TransformParent: {fileID: 8397853662895970904}
    m_Modifications:
    - target: {fileID: -8679921383154817045, guid: f57338bfb7ae94141bdb806411e69443, type: 3}
      propertyPath: m_RootOrder
      value: 23
      objectReference: {fileID: 0}
    - target: {fileID: -8679921383154817045, guid: f57338bfb7ae94141bdb806411e69443, type: 3}
      propertyPath: m_LocalPosition.x
      value: 19.341125
      objectReference: {fileID: 0}
    - target: {fileID: -8679921383154817045, guid: f57338bfb7ae94141bdb806411e69443, type: 3}
      propertyPath: m_LocalPosition.y
      value: 2.58
      objectReference: {fileID: 0}
    - target: {fileID: -8679921383154817045, guid: f57338bfb7ae94141bdb806411e69443, type: 3}
      propertyPath: m_LocalPosition.z
      value: -0.47192383
      objectReference: {fileID: 0}
    - target: {fileID: -8679921383154817045, guid: f57338bfb7ae94141bdb806411e69443, type: 3}
      propertyPath: m_LocalRotation.w
      value: 0.7071059
      objectReference: {fileID: 0}
    - target: {fileID: -8679921383154817045, guid: f57338bfb7ae94141bdb806411e69443, type: 3}
      propertyPath: m_LocalRotation.x
      value: -8.6595626e-17
      objectReference: {fileID: 0}
    - target: {fileID: -8679921383154817045, guid: f57338bfb7ae94141bdb806411e69443, type: 3}
      propertyPath: m_LocalRotation.y
      value: 0.7071077
      objectReference: {fileID: 0}
    - target: {fileID: -8679921383154817045, guid: f57338bfb7ae94141bdb806411e69443, type: 3}
      propertyPath: m_LocalRotation.z
      value: 1.3400326e-22
      objectReference: {fileID: 0}
    - target: {fileID: -8679921383154817045, guid: f57338bfb7ae94141bdb806411e69443, type: 3}
      propertyPath: m_LocalEulerAnglesHint.x
      value: 0
      objectReference: {fileID: 0}
    - target: {fileID: -8679921383154817045, guid: f57338bfb7ae94141bdb806411e69443, type: 3}
      propertyPath: m_LocalEulerAnglesHint.y
      value: 90
      objectReference: {fileID: 0}
    - target: {fileID: -8679921383154817045, guid: f57338bfb7ae94141bdb806411e69443, type: 3}
      propertyPath: m_LocalEulerAnglesHint.z
      value: 0
      objectReference: {fileID: 0}
    - target: {fileID: 919132149155446097, guid: f57338bfb7ae94141bdb806411e69443, type: 3}
      propertyPath: m_Name
      value: Farm_Fence_half (21)
      objectReference: {fileID: 0}
    m_RemovedComponents: []
  m_SourcePrefab: {fileID: 100100000, guid: f57338bfb7ae94141bdb806411e69443, type: 3}
--- !u!4 &3203571596293675939 stripped
Transform:
  m_CorrespondingSourceObject: {fileID: -8679921383154817045, guid: f57338bfb7ae94141bdb806411e69443, type: 3}
  m_PrefabInstance: {fileID: 3170505660947299400}
  m_PrefabAsset: {fileID: 0}
--- !u!1001 &3834606891360871159
PrefabInstance:
  m_ObjectHideFlags: 0
  serializedVersion: 2
  m_Modification:
    m_TransformParent: {fileID: 8397853662895970904}
    m_Modifications:
    - target: {fileID: -8679921383154817045, guid: b52fb9683feff214888a7be4dcc66bd8, type: 3}
      propertyPath: m_RootOrder
      value: 30
      objectReference: {fileID: 0}
    - target: {fileID: -8679921383154817045, guid: b52fb9683feff214888a7be4dcc66bd8, type: 3}
      propertyPath: m_LocalScale.x
      value: 1
      objectReference: {fileID: 0}
    - target: {fileID: -8679921383154817045, guid: b52fb9683feff214888a7be4dcc66bd8, type: 3}
      propertyPath: m_LocalScale.y
      value: 1
      objectReference: {fileID: 0}
    - target: {fileID: -8679921383154817045, guid: b52fb9683feff214888a7be4dcc66bd8, type: 3}
      propertyPath: m_LocalPosition.x
      value: -16.258635
      objectReference: {fileID: 0}
    - target: {fileID: -8679921383154817045, guid: b52fb9683feff214888a7be4dcc66bd8, type: 3}
      propertyPath: m_LocalPosition.y
      value: 0.5199168
      objectReference: {fileID: 0}
    - target: {fileID: -8679921383154817045, guid: b52fb9683feff214888a7be4dcc66bd8, type: 3}
      propertyPath: m_LocalPosition.z
      value: -5.0611267
      objectReference: {fileID: 0}
    - target: {fileID: -8679921383154817045, guid: b52fb9683feff214888a7be4dcc66bd8, type: 3}
      propertyPath: m_LocalRotation.w
      value: 0.76780707
      objectReference: {fileID: 0}
    - target: {fileID: -8679921383154817045, guid: b52fb9683feff214888a7be4dcc66bd8, type: 3}
      propertyPath: m_LocalRotation.x
      value: -0.017385157
      objectReference: {fileID: 0}
    - target: {fileID: -8679921383154817045, guid: b52fb9683feff214888a7be4dcc66bd8, type: 3}
      propertyPath: m_LocalRotation.y
      value: -0.640127
      objectReference: {fileID: 0}
    - target: {fileID: -8679921383154817045, guid: b52fb9683feff214888a7be4dcc66bd8, type: 3}
      propertyPath: m_LocalRotation.z
      value: 0.020187236
      objectReference: {fileID: 0}
    - target: {fileID: -8679921383154817045, guid: b52fb9683feff214888a7be4dcc66bd8, type: 3}
      propertyPath: m_LocalEulerAnglesHint.x
      value: -0.049
      objectReference: {fileID: 0}
    - target: {fileID: -8679921383154817045, guid: b52fb9683feff214888a7be4dcc66bd8, type: 3}
      propertyPath: m_LocalEulerAnglesHint.y
      value: -79.638
      objectReference: {fileID: 0}
    - target: {fileID: -8679921383154817045, guid: b52fb9683feff214888a7be4dcc66bd8, type: 3}
      propertyPath: m_LocalEulerAnglesHint.z
      value: 3.053
      objectReference: {fileID: 0}
    - target: {fileID: 919132149155446097, guid: b52fb9683feff214888a7be4dcc66bd8, type: 3}
      propertyPath: m_Name
      value: Hay_2 (4)
      objectReference: {fileID: 0}
    m_RemovedComponents: []
  m_SourcePrefab: {fileID: 100100000, guid: b52fb9683feff214888a7be4dcc66bd8, type: 3}
--- !u!4 &3656355394041218332 stripped
Transform:
  m_CorrespondingSourceObject: {fileID: -8679921383154817045, guid: b52fb9683feff214888a7be4dcc66bd8, type: 3}
  m_PrefabInstance: {fileID: 3834606891360871159}
  m_PrefabAsset: {fileID: 0}
--- !u!1001 &4980345621134201705
PrefabInstance:
  m_ObjectHideFlags: 0
  serializedVersion: 2
  m_Modification:
    m_TransformParent: {fileID: 8397853662895970904}
    m_Modifications:
    - target: {fileID: -8679921383154817045, guid: b52fb9683feff214888a7be4dcc66bd8, type: 3}
      propertyPath: m_RootOrder
      value: 26
      objectReference: {fileID: 0}
    - target: {fileID: -8679921383154817045, guid: b52fb9683feff214888a7be4dcc66bd8, type: 3}
      propertyPath: m_LocalScale.x
      value: 1
      objectReference: {fileID: 0}
    - target: {fileID: -8679921383154817045, guid: b52fb9683feff214888a7be4dcc66bd8, type: 3}
      propertyPath: m_LocalScale.y
      value: 2.3052998
      objectReference: {fileID: 0}
    - target: {fileID: -8679921383154817045, guid: b52fb9683feff214888a7be4dcc66bd8, type: 3}
      propertyPath: m_LocalPosition.x
      value: -25.29
      objectReference: {fileID: 0}
    - target: {fileID: -8679921383154817045, guid: b52fb9683feff214888a7be4dcc66bd8, type: 3}
      propertyPath: m_LocalPosition.y
      value: 0.38
      objectReference: {fileID: 0}
    - target: {fileID: -8679921383154817045, guid: b52fb9683feff214888a7be4dcc66bd8, type: 3}
      propertyPath: m_LocalPosition.z
      value: -11.899994
      objectReference: {fileID: 0}
    - target: {fileID: -8679921383154817045, guid: b52fb9683feff214888a7be4dcc66bd8, type: 3}
      propertyPath: m_LocalRotation.w
      value: 0.99960536
      objectReference: {fileID: 0}
    - target: {fileID: -8679921383154817045, guid: b52fb9683feff214888a7be4dcc66bd8, type: 3}
      propertyPath: m_LocalRotation.x
      value: -0
      objectReference: {fileID: 0}
    - target: {fileID: -8679921383154817045, guid: b52fb9683feff214888a7be4dcc66bd8, type: 3}
      propertyPath: m_LocalRotation.y
      value: -0
      objectReference: {fileID: 0}
    - target: {fileID: -8679921383154817045, guid: b52fb9683feff214888a7be4dcc66bd8, type: 3}
      propertyPath: m_LocalRotation.z
      value: 0.028091973
      objectReference: {fileID: 0}
    - target: {fileID: -8679921383154817045, guid: b52fb9683feff214888a7be4dcc66bd8, type: 3}
      propertyPath: m_LocalEulerAnglesHint.x
      value: 0
      objectReference: {fileID: 0}
    - target: {fileID: -8679921383154817045, guid: b52fb9683feff214888a7be4dcc66bd8, type: 3}
      propertyPath: m_LocalEulerAnglesHint.y
      value: 0
      objectReference: {fileID: 0}
    - target: {fileID: -8679921383154817045, guid: b52fb9683feff214888a7be4dcc66bd8, type: 3}
      propertyPath: m_LocalEulerAnglesHint.z
      value: 3.22
      objectReference: {fileID: 0}
    - target: {fileID: 919132149155446097, guid: b52fb9683feff214888a7be4dcc66bd8, type: 3}
      propertyPath: m_Name
      value: Hay_2 (1)
      objectReference: {fileID: 0}
    m_RemovedComponents: []
  m_SourcePrefab: {fileID: 100100000, guid: b52fb9683feff214888a7be4dcc66bd8, type: 3}
--- !u!4 &4798308918350394498 stripped
Transform:
  m_CorrespondingSourceObject: {fileID: -8679921383154817045, guid: b52fb9683feff214888a7be4dcc66bd8, type: 3}
  m_PrefabInstance: {fileID: 4980345621134201705}
  m_PrefabAsset: {fileID: 0}
--- !u!1001 &5372894961958522671
PrefabInstance:
  m_ObjectHideFlags: 0
  serializedVersion: 2
  m_Modification:
    m_TransformParent: {fileID: 8397853662895970904}
    m_Modifications:
    - target: {fileID: -8679921383154817045, guid: b52fb9683feff214888a7be4dcc66bd8, type: 3}
      propertyPath: m_RootOrder
      value: 29
      objectReference: {fileID: 0}
    - target: {fileID: -8679921383154817045, guid: b52fb9683feff214888a7be4dcc66bd8, type: 3}
      propertyPath: m_LocalScale.x
      value: 1
      objectReference: {fileID: 0}
    - target: {fileID: -8679921383154817045, guid: b52fb9683feff214888a7be4dcc66bd8, type: 3}
      propertyPath: m_LocalScale.y
      value: 1
      objectReference: {fileID: 0}
    - target: {fileID: -8679921383154817045, guid: b52fb9683feff214888a7be4dcc66bd8, type: 3}
      propertyPath: m_LocalPosition.x
      value: -19.400002
      objectReference: {fileID: 0}
    - target: {fileID: -8679921383154817045, guid: b52fb9683feff214888a7be4dcc66bd8, type: 3}
      propertyPath: m_LocalPosition.y
      value: 0.52
      objectReference: {fileID: 0}
    - target: {fileID: -8679921383154817045, guid: b52fb9683feff214888a7be4dcc66bd8, type: 3}
      propertyPath: m_LocalPosition.z
      value: -11.970001
      objectReference: {fileID: 0}
    - target: {fileID: -8679921383154817045, guid: b52fb9683feff214888a7be4dcc66bd8, type: 3}
      propertyPath: m_LocalRotation.w
      value: 0.61992514
      objectReference: {fileID: 0}
    - target: {fileID: -8679921383154817045, guid: b52fb9683feff214888a7be4dcc66bd8, type: 3}
      propertyPath: m_LocalRotation.x
      value: -0.022037245
      objectReference: {fileID: 0}
    - target: {fileID: -8679921383154817045, guid: b52fb9683feff214888a7be4dcc66bd8, type: 3}
      propertyPath: m_LocalRotation.y
      value: -0.784158
      objectReference: {fileID: 0}
    - target: {fileID: -8679921383154817045, guid: b52fb9683feff214888a7be4dcc66bd8, type: 3}
      propertyPath: m_LocalRotation.z
      value: 0.017421816
      objectReference: {fileID: 0}
    - target: {fileID: -8679921383154817045, guid: b52fb9683feff214888a7be4dcc66bd8, type: 3}
      propertyPath: m_LocalEulerAnglesHint.x
      value: 0
      objectReference: {fileID: 0}
    - target: {fileID: -8679921383154817045, guid: b52fb9683feff214888a7be4dcc66bd8, type: 3}
      propertyPath: m_LocalEulerAnglesHint.y
      value: -103.343
      objectReference: {fileID: 0}
    - target: {fileID: -8679921383154817045, guid: b52fb9683feff214888a7be4dcc66bd8, type: 3}
      propertyPath: m_LocalEulerAnglesHint.z
      value: 3.22
      objectReference: {fileID: 0}
    - target: {fileID: 919132149155446097, guid: b52fb9683feff214888a7be4dcc66bd8, type: 3}
      propertyPath: m_Name
      value: Hay_2 (3)
      objectReference: {fileID: 0}
    m_RemovedComponents: []
  m_SourcePrefab: {fileID: 100100000, guid: b52fb9683feff214888a7be4dcc66bd8, type: 3}
--- !u!4 &5556002667538114756 stripped
Transform:
  m_CorrespondingSourceObject: {fileID: -8679921383154817045, guid: b52fb9683feff214888a7be4dcc66bd8, type: 3}
  m_PrefabInstance: {fileID: 5372894961958522671}
  m_PrefabAsset: {fileID: 0}
--- !u!1001 &5672476179524619947
PrefabInstance:
  m_ObjectHideFlags: 0
  serializedVersion: 2
  m_Modification:
    m_TransformParent: {fileID: 8397853662895970904}
    m_Modifications:
    - target: {fileID: -8679921383154817045, guid: b52fb9683feff214888a7be4dcc66bd8, type: 3}
      propertyPath: m_RootOrder
      value: 27
      objectReference: {fileID: 0}
    - target: {fileID: -8679921383154817045, guid: b52fb9683feff214888a7be4dcc66bd8, type: 3}
      propertyPath: m_LocalScale.x
      value: 0.91510135
      objectReference: {fileID: 0}
    - target: {fileID: -8679921383154817045, guid: b52fb9683feff214888a7be4dcc66bd8, type: 3}
      propertyPath: m_LocalScale.y
      value: 1.3476322
      objectReference: {fileID: 0}
    - target: {fileID: -8679921383154817045, guid: b52fb9683feff214888a7be4dcc66bd8, type: 3}
      propertyPath: m_LocalScale.z
      value: 0.58458006
      objectReference: {fileID: 0}
    - target: {fileID: -8679921383154817045, guid: b52fb9683feff214888a7be4dcc66bd8, type: 3}
      propertyPath: m_LocalPosition.x
      value: -24.2
      objectReference: {fileID: 0}
    - target: {fileID: -8679921383154817045, guid: b52fb9683feff214888a7be4dcc66bd8, type: 3}
      propertyPath: m_LocalPosition.y
      value: 0.33000004
      objectReference: {fileID: 0}
    - target: {fileID: -8679921383154817045, guid: b52fb9683feff214888a7be4dcc66bd8, type: 3}
      propertyPath: m_LocalPosition.z
      value: -11.799988
      objectReference: {fileID: 0}
    - target: {fileID: -8679921383154817045, guid: b52fb9683feff214888a7be4dcc66bd8, type: 3}
      propertyPath: m_LocalRotation.w
      value: 0.8996118
      objectReference: {fileID: 0}
    - target: {fileID: -8679921383154817045, guid: b52fb9683feff214888a7be4dcc66bd8, type: 3}
      propertyPath: m_LocalRotation.x
      value: -0.012246926
      objectReference: {fileID: 0}
    - target: {fileID: -8679921383154817045, guid: b52fb9683feff214888a7be4dcc66bd8, type: 3}
      propertyPath: m_LocalRotation.y
      value: -0.43578622
      objectReference: {fileID: 0}
    - target: {fileID: -8679921383154817045, guid: b52fb9683feff214888a7be4dcc66bd8, type: 3}
      propertyPath: m_LocalRotation.z
      value: 0.025281845
      objectReference: {fileID: 0}
    - target: {fileID: -8679921383154817045, guid: b52fb9683feff214888a7be4dcc66bd8, type: 3}
      propertyPath: m_LocalEulerAnglesHint.x
      value: 0
      objectReference: {fileID: 0}
    - target: {fileID: -8679921383154817045, guid: b52fb9683feff214888a7be4dcc66bd8, type: 3}
      propertyPath: m_LocalEulerAnglesHint.y
      value: -51.693
      objectReference: {fileID: 0}
    - target: {fileID: -8679921383154817045, guid: b52fb9683feff214888a7be4dcc66bd8, type: 3}
      propertyPath: m_LocalEulerAnglesHint.z
      value: 3.22
      objectReference: {fileID: 0}
    - target: {fileID: 919132149155446097, guid: b52fb9683feff214888a7be4dcc66bd8, type: 3}
      propertyPath: m_Name
      value: Hay_2 (2)
      objectReference: {fileID: 0}
    m_RemovedComponents: []
  m_SourcePrefab: {fileID: 100100000, guid: b52fb9683feff214888a7be4dcc66bd8, type: 3}
--- !u!4 &5274302829057763648 stripped
Transform:
  m_CorrespondingSourceObject: {fileID: -8679921383154817045, guid: b52fb9683feff214888a7be4dcc66bd8, type: 3}
  m_PrefabInstance: {fileID: 5672476179524619947}
  m_PrefabAsset: {fileID: 0}
--- !u!1001 &5718702274954652664
PrefabInstance:
  m_ObjectHideFlags: 0
  serializedVersion: 2
  m_Modification:
    m_TransformParent: {fileID: 8397853662895970904}
    m_Modifications:
    - target: {fileID: -8679921383154817045, guid: f57338bfb7ae94141bdb806411e69443, type: 3}
      propertyPath: m_RootOrder
      value: 11
      objectReference: {fileID: 0}
    - target: {fileID: -8679921383154817045, guid: f57338bfb7ae94141bdb806411e69443, type: 3}
      propertyPath: m_LocalPosition.x
      value: 9.380001
      objectReference: {fileID: 0}
    - target: {fileID: -8679921383154817045, guid: f57338bfb7ae94141bdb806411e69443, type: 3}
      propertyPath: m_LocalPosition.y
      value: 2.58
      objectReference: {fileID: 0}
    - target: {fileID: -8679921383154817045, guid: f57338bfb7ae94141bdb806411e69443, type: 3}
      propertyPath: m_LocalPosition.z
      value: 13.867004
      objectReference: {fileID: 0}
    - target: {fileID: -8679921383154817045, guid: f57338bfb7ae94141bdb806411e69443, type: 3}
      propertyPath: m_LocalRotation.w
      value: 0.00000019470718
      objectReference: {fileID: 0}
    - target: {fileID: -8679921383154817045, guid: f57338bfb7ae94141bdb806411e69443, type: 3}
      propertyPath: m_LocalRotation.x
      value: -6.123235e-17
      objectReference: {fileID: 0}
    - target: {fileID: -8679921383154817045, guid: f57338bfb7ae94141bdb806411e69443, type: 3}
      propertyPath: m_LocalRotation.y
      value: 1
      objectReference: {fileID: 0}
    - target: {fileID: -8679921383154817045, guid: f57338bfb7ae94141bdb806411e69443, type: 3}
      propertyPath: m_LocalRotation.z
      value: 6.123235e-17
      objectReference: {fileID: 0}
    - target: {fileID: -8679921383154817045, guid: f57338bfb7ae94141bdb806411e69443, type: 3}
      propertyPath: m_LocalEulerAnglesHint.x
      value: 0
      objectReference: {fileID: 0}
    - target: {fileID: -8679921383154817045, guid: f57338bfb7ae94141bdb806411e69443, type: 3}
      propertyPath: m_LocalEulerAnglesHint.y
      value: 0
      objectReference: {fileID: 0}
    - target: {fileID: -8679921383154817045, guid: f57338bfb7ae94141bdb806411e69443, type: 3}
      propertyPath: m_LocalEulerAnglesHint.z
      value: 0
      objectReference: {fileID: 0}
    - target: {fileID: 919132149155446097, guid: f57338bfb7ae94141bdb806411e69443, type: 3}
      propertyPath: m_Name
      value: Farm_Fence_half (8)
      objectReference: {fileID: 0}
    m_RemovedComponents: []
  m_SourcePrefab: {fileID: 100100000, guid: f57338bfb7ae94141bdb806411e69443, type: 3}
--- !u!4 &5248470475266231315 stripped
Transform:
  m_CorrespondingSourceObject: {fileID: -8679921383154817045, guid: f57338bfb7ae94141bdb806411e69443, type: 3}
  m_PrefabInstance: {fileID: 5718702274954652664}
  m_PrefabAsset: {fileID: 0}
--- !u!1001 &5718702275210362497
PrefabInstance:
  m_ObjectHideFlags: 0
  serializedVersion: 2
  m_Modification:
    m_TransformParent: {fileID: 8397853662895970904}
    m_Modifications:
    - target: {fileID: -8679921383154817045, guid: f57338bfb7ae94141bdb806411e69443, type: 3}
      propertyPath: m_RootOrder
      value: 16
      objectReference: {fileID: 0}
    - target: {fileID: -8679921383154817045, guid: f57338bfb7ae94141bdb806411e69443, type: 3}
      propertyPath: m_LocalPosition.x
      value: 10.559998
      objectReference: {fileID: 0}
    - target: {fileID: -8679921383154817045, guid: f57338bfb7ae94141bdb806411e69443, type: 3}
      propertyPath: m_LocalPosition.y
      value: 2.58
      objectReference: {fileID: 0}
    - target: {fileID: -8679921383154817045, guid: f57338bfb7ae94141bdb806411e69443, type: 3}
      propertyPath: m_LocalPosition.z
      value: -13.700012
      objectReference: {fileID: 0}
    - target: {fileID: -8679921383154817045, guid: f57338bfb7ae94141bdb806411e69443, type: 3}
      propertyPath: m_LocalRotation.w
      value: 0.00000019470718
      objectReference: {fileID: 0}
    - target: {fileID: -8679921383154817045, guid: f57338bfb7ae94141bdb806411e69443, type: 3}
      propertyPath: m_LocalRotation.x
      value: -6.123235e-17
      objectReference: {fileID: 0}
    - target: {fileID: -8679921383154817045, guid: f57338bfb7ae94141bdb806411e69443, type: 3}
      propertyPath: m_LocalRotation.y
      value: 1
      objectReference: {fileID: 0}
    - target: {fileID: -8679921383154817045, guid: f57338bfb7ae94141bdb806411e69443, type: 3}
      propertyPath: m_LocalRotation.z
      value: 6.123235e-17
      objectReference: {fileID: 0}
    - target: {fileID: -8679921383154817045, guid: f57338bfb7ae94141bdb806411e69443, type: 3}
      propertyPath: m_LocalEulerAnglesHint.x
      value: 0
      objectReference: {fileID: 0}
    - target: {fileID: -8679921383154817045, guid: f57338bfb7ae94141bdb806411e69443, type: 3}
      propertyPath: m_LocalEulerAnglesHint.y
      value: 0
      objectReference: {fileID: 0}
    - target: {fileID: -8679921383154817045, guid: f57338bfb7ae94141bdb806411e69443, type: 3}
      propertyPath: m_LocalEulerAnglesHint.z
      value: 0
      objectReference: {fileID: 0}
    - target: {fileID: 919132149155446097, guid: f57338bfb7ae94141bdb806411e69443, type: 3}
      propertyPath: m_Name
      value: Farm_Fence_half (14)
      objectReference: {fileID: 0}
    m_RemovedComponents: []
  m_SourcePrefab: {fileID: 100100000, guid: f57338bfb7ae94141bdb806411e69443, type: 3}
--- !u!4 &5248470475001878890 stripped
Transform:
  m_CorrespondingSourceObject: {fileID: -8679921383154817045, guid: f57338bfb7ae94141bdb806411e69443, type: 3}
  m_PrefabInstance: {fileID: 5718702275210362497}
  m_PrefabAsset: {fileID: 0}
--- !u!1001 &5718702275317671007
PrefabInstance:
  m_ObjectHideFlags: 0
  serializedVersion: 2
  m_Modification:
    m_TransformParent: {fileID: 8397853662895970904}
    m_Modifications:
    - target: {fileID: -8679921383154817045, guid: f57338bfb7ae94141bdb806411e69443, type: 3}
      propertyPath: m_RootOrder
      value: 12
      objectReference: {fileID: 0}
    - target: {fileID: -8679921383154817045, guid: f57338bfb7ae94141bdb806411e69443, type: 3}
      propertyPath: m_LocalPosition.x
      value: 4.9000015
      objectReference: {fileID: 0}
    - target: {fileID: -8679921383154817045, guid: f57338bfb7ae94141bdb806411e69443, type: 3}
      propertyPath: m_LocalPosition.y
      value: 2.58
      objectReference: {fileID: 0}
    - target: {fileID: -8679921383154817045, guid: f57338bfb7ae94141bdb806411e69443, type: 3}
      propertyPath: m_LocalPosition.z
      value: 13.867004
      objectReference: {fileID: 0}
    - target: {fileID: -8679921383154817045, guid: f57338bfb7ae94141bdb806411e69443, type: 3}
      propertyPath: m_LocalRotation.w
      value: 0.00000019470718
      objectReference: {fileID: 0}
    - target: {fileID: -8679921383154817045, guid: f57338bfb7ae94141bdb806411e69443, type: 3}
      propertyPath: m_LocalRotation.x
      value: -6.123235e-17
      objectReference: {fileID: 0}
    - target: {fileID: -8679921383154817045, guid: f57338bfb7ae94141bdb806411e69443, type: 3}
      propertyPath: m_LocalRotation.y
      value: 1
      objectReference: {fileID: 0}
    - target: {fileID: -8679921383154817045, guid: f57338bfb7ae94141bdb806411e69443, type: 3}
      propertyPath: m_LocalRotation.z
      value: 6.123235e-17
      objectReference: {fileID: 0}
    - target: {fileID: -8679921383154817045, guid: f57338bfb7ae94141bdb806411e69443, type: 3}
      propertyPath: m_LocalEulerAnglesHint.x
      value: 0
      objectReference: {fileID: 0}
    - target: {fileID: -8679921383154817045, guid: f57338bfb7ae94141bdb806411e69443, type: 3}
      propertyPath: m_LocalEulerAnglesHint.y
      value: 0
      objectReference: {fileID: 0}
    - target: {fileID: -8679921383154817045, guid: f57338bfb7ae94141bdb806411e69443, type: 3}
      propertyPath: m_LocalEulerAnglesHint.z
      value: 0
      objectReference: {fileID: 0}
    - target: {fileID: 919132149155446097, guid: f57338bfb7ae94141bdb806411e69443, type: 3}
      propertyPath: m_Name
      value: Farm_Fence_half (7)
      objectReference: {fileID: 0}
    m_RemovedComponents: []
  m_SourcePrefab: {fileID: 100100000, guid: f57338bfb7ae94141bdb806411e69443, type: 3}
--- !u!4 &5248470474894754740 stripped
Transform:
  m_CorrespondingSourceObject: {fileID: -8679921383154817045, guid: f57338bfb7ae94141bdb806411e69443, type: 3}
  m_PrefabInstance: {fileID: 5718702275317671007}
  m_PrefabAsset: {fileID: 0}
--- !u!1001 &5718702275344749241
PrefabInstance:
  m_ObjectHideFlags: 0
  serializedVersion: 2
  m_Modification:
    m_TransformParent: {fileID: 8397853662895970904}
    m_Modifications:
    - target: {fileID: -8679921383154817045, guid: f57338bfb7ae94141bdb806411e69443, type: 3}
      propertyPath: m_RootOrder
      value: 8
      objectReference: {fileID: 0}
    - target: {fileID: -8679921383154817045, guid: f57338bfb7ae94141bdb806411e69443, type: 3}
      propertyPath: m_LocalPosition.x
      value: -8.370001
      objectReference: {fileID: 0}
    - target: {fileID: -8679921383154817045, guid: f57338bfb7ae94141bdb806411e69443, type: 3}
      propertyPath: m_LocalPosition.y
      value: 2.58
      objectReference: {fileID: 0}
    - target: {fileID: -8679921383154817045, guid: f57338bfb7ae94141bdb806411e69443, type: 3}
      propertyPath: m_LocalPosition.z
      value: 13.867004
      objectReference: {fileID: 0}
    - target: {fileID: -8679921383154817045, guid: f57338bfb7ae94141bdb806411e69443, type: 3}
      propertyPath: m_LocalRotation.w
      value: 0.00000019470718
      objectReference: {fileID: 0}
    - target: {fileID: -8679921383154817045, guid: f57338bfb7ae94141bdb806411e69443, type: 3}
      propertyPath: m_LocalRotation.x
      value: -6.123235e-17
      objectReference: {fileID: 0}
    - target: {fileID: -8679921383154817045, guid: f57338bfb7ae94141bdb806411e69443, type: 3}
      propertyPath: m_LocalRotation.y
      value: 1
      objectReference: {fileID: 0}
    - target: {fileID: -8679921383154817045, guid: f57338bfb7ae94141bdb806411e69443, type: 3}
      propertyPath: m_LocalRotation.z
      value: 6.123235e-17
      objectReference: {fileID: 0}
    - target: {fileID: -8679921383154817045, guid: f57338bfb7ae94141bdb806411e69443, type: 3}
      propertyPath: m_LocalEulerAnglesHint.x
      value: 0
      objectReference: {fileID: 0}
    - target: {fileID: -8679921383154817045, guid: f57338bfb7ae94141bdb806411e69443, type: 3}
      propertyPath: m_LocalEulerAnglesHint.y
      value: 0
      objectReference: {fileID: 0}
    - target: {fileID: -8679921383154817045, guid: f57338bfb7ae94141bdb806411e69443, type: 3}
      propertyPath: m_LocalEulerAnglesHint.z
      value: 0
      objectReference: {fileID: 0}
    - target: {fileID: 919132149155446097, guid: f57338bfb7ae94141bdb806411e69443, type: 3}
      propertyPath: m_Name
      value: Farm_Fence_half (4)
      objectReference: {fileID: 0}
    m_RemovedComponents: []
  m_SourcePrefab: {fileID: 100100000, guid: f57338bfb7ae94141bdb806411e69443, type: 3}
--- !u!4 &5248470474867422546 stripped
Transform:
  m_CorrespondingSourceObject: {fileID: -8679921383154817045, guid: f57338bfb7ae94141bdb806411e69443, type: 3}
  m_PrefabInstance: {fileID: 5718702275344749241}
  m_PrefabAsset: {fileID: 0}
--- !u!1001 &5718702275383532965
PrefabInstance:
  m_ObjectHideFlags: 0
  serializedVersion: 2
  m_Modification:
    m_TransformParent: {fileID: 8397853662895970904}
    m_Modifications:
    - target: {fileID: -8679921383154817045, guid: ecd5aff8423feea4d9c59d6c11ed3a92, type: 3}
      propertyPath: m_RootOrder
      value: 2
      objectReference: {fileID: 0}
    - target: {fileID: -8679921383154817045, guid: ecd5aff8423feea4d9c59d6c11ed3a92, type: 3}
      propertyPath: m_LocalPosition.x
      value: -21.150002
      objectReference: {fileID: 0}
    - target: {fileID: -8679921383154817045, guid: ecd5aff8423feea4d9c59d6c11ed3a92, type: 3}
      propertyPath: m_LocalPosition.y
      value: 6.7200003
      objectReference: {fileID: 0}
    - target: {fileID: -8679921383154817045, guid: ecd5aff8423feea4d9c59d6c11ed3a92, type: 3}
      propertyPath: m_LocalPosition.z
      value: 3.7600098
      objectReference: {fileID: 0}
    - target: {fileID: -8679921383154817045, guid: ecd5aff8423feea4d9c59d6c11ed3a92, type: 3}
      propertyPath: m_LocalRotation.w
      value: 1
      objectReference: {fileID: 0}
    - target: {fileID: -8679921383154817045, guid: ecd5aff8423feea4d9c59d6c11ed3a92, type: 3}
      propertyPath: m_LocalRotation.x
      value: -0
      objectReference: {fileID: 0}
    - target: {fileID: -8679921383154817045, guid: ecd5aff8423feea4d9c59d6c11ed3a92, type: 3}
      propertyPath: m_LocalRotation.y
      value: -0
      objectReference: {fileID: 0}
    - target: {fileID: -8679921383154817045, guid: ecd5aff8423feea4d9c59d6c11ed3a92, type: 3}
      propertyPath: m_LocalRotation.z
      value: -0
      objectReference: {fileID: 0}
    - target: {fileID: -8679921383154817045, guid: ecd5aff8423feea4d9c59d6c11ed3a92, type: 3}
      propertyPath: m_LocalEulerAnglesHint.x
      value: 0
      objectReference: {fileID: 0}
    - target: {fileID: -8679921383154817045, guid: ecd5aff8423feea4d9c59d6c11ed3a92, type: 3}
      propertyPath: m_LocalEulerAnglesHint.y
      value: 0
      objectReference: {fileID: 0}
    - target: {fileID: -8679921383154817045, guid: ecd5aff8423feea4d9c59d6c11ed3a92, type: 3}
      propertyPath: m_LocalEulerAnglesHint.z
      value: 0
      objectReference: {fileID: 0}
    - target: {fileID: 919132149155446097, guid: ecd5aff8423feea4d9c59d6c11ed3a92, type: 3}
      propertyPath: m_Name
      value: Farm_House
      objectReference: {fileID: 0}
    m_RemovedComponents: []
  m_SourcePrefab: {fileID: 100100000, guid: ecd5aff8423feea4d9c59d6c11ed3a92, type: 3}
--- !u!4 &5248470474837031502 stripped
Transform:
  m_CorrespondingSourceObject: {fileID: -8679921383154817045, guid: ecd5aff8423feea4d9c59d6c11ed3a92, type: 3}
  m_PrefabInstance: {fileID: 5718702275383532965}
  m_PrefabAsset: {fileID: 0}
--- !u!1001 &5718702275407407458
PrefabInstance:
  m_ObjectHideFlags: 0
  serializedVersion: 2
  m_Modification:
    m_TransformParent: {fileID: 8397853662895970904}
    m_Modifications:
    - target: {fileID: -8679921383154817045, guid: ac0bd80f197ad7b4280cf3ca8088bb4d, type: 3}
      propertyPath: m_RootOrder
      value: 19
      objectReference: {fileID: 0}
    - target: {fileID: -8679921383154817045, guid: ac0bd80f197ad7b4280cf3ca8088bb4d, type: 3}
      propertyPath: m_LocalPosition.x
      value: 6.174999
      objectReference: {fileID: 0}
    - target: {fileID: -8679921383154817045, guid: ac0bd80f197ad7b4280cf3ca8088bb4d, type: 3}
      propertyPath: m_LocalPosition.y
      value: 2.65
      objectReference: {fileID: 0}
    - target: {fileID: -8679921383154817045, guid: ac0bd80f197ad7b4280cf3ca8088bb4d, type: 3}
      propertyPath: m_LocalPosition.z
      value: -13.675995
      objectReference: {fileID: 0}
    - target: {fileID: -8679921383154817045, guid: ac0bd80f197ad7b4280cf3ca8088bb4d, type: 3}
      propertyPath: m_LocalRotation.w
      value: 1
      objectReference: {fileID: 0}
    - target: {fileID: -8679921383154817045, guid: ac0bd80f197ad7b4280cf3ca8088bb4d, type: 3}
      propertyPath: m_LocalRotation.x
      value: -0
      objectReference: {fileID: 0}
    - target: {fileID: -8679921383154817045, guid: ac0bd80f197ad7b4280cf3ca8088bb4d, type: 3}
      propertyPath: m_LocalRotation.y
      value: -0
      objectReference: {fileID: 0}
    - target: {fileID: -8679921383154817045, guid: ac0bd80f197ad7b4280cf3ca8088bb4d, type: 3}
      propertyPath: m_LocalRotation.z
      value: -0
      objectReference: {fileID: 0}
    - target: {fileID: -8679921383154817045, guid: ac0bd80f197ad7b4280cf3ca8088bb4d, type: 3}
      propertyPath: m_LocalEulerAnglesHint.x
      value: 0
      objectReference: {fileID: 0}
    - target: {fileID: -8679921383154817045, guid: ac0bd80f197ad7b4280cf3ca8088bb4d, type: 3}
      propertyPath: m_LocalEulerAnglesHint.y
      value: 0
      objectReference: {fileID: 0}
    - target: {fileID: -8679921383154817045, guid: ac0bd80f197ad7b4280cf3ca8088bb4d, type: 3}
      propertyPath: m_LocalEulerAnglesHint.z
      value: 0
      objectReference: {fileID: 0}
    - target: {fileID: 919132149155446097, guid: ac0bd80f197ad7b4280cf3ca8088bb4d, type: 3}
      propertyPath: m_Name
      value: Farm_Fence_full (2)
      objectReference: {fileID: 0}
    m_RemovedComponents: []
  m_SourcePrefab: {fileID: 100100000, guid: ac0bd80f197ad7b4280cf3ca8088bb4d, type: 3}
--- !u!4 &5248470474846703241 stripped
Transform:
  m_CorrespondingSourceObject: {fileID: -8679921383154817045, guid: ac0bd80f197ad7b4280cf3ca8088bb4d, type: 3}
  m_PrefabInstance: {fileID: 5718702275407407458}
  m_PrefabAsset: {fileID: 0}
--- !u!1001 &5718702275660864998
PrefabInstance:
  m_ObjectHideFlags: 0
  serializedVersion: 2
  m_Modification:
    m_TransformParent: {fileID: 8397853662895970904}
    m_Modifications:
    - target: {fileID: -8679921383154817045, guid: fcc503e1195b5064d9115ebceecb0526, type: 3}
      propertyPath: m_RootOrder
      value: 4
      objectReference: {fileID: 0}
    - target: {fileID: -8679921383154817045, guid: fcc503e1195b5064d9115ebceecb0526, type: 3}
      propertyPath: m_LocalScale.x
      value: 1
      objectReference: {fileID: 0}
    - target: {fileID: -8679921383154817045, guid: fcc503e1195b5064d9115ebceecb0526, type: 3}
      propertyPath: m_LocalScale.y
      value: 1
      objectReference: {fileID: 0}
    - target: {fileID: -8679921383154817045, guid: fcc503e1195b5064d9115ebceecb0526, type: 3}
      propertyPath: m_LocalPosition.x
      value: -24.41
      objectReference: {fileID: 0}
    - target: {fileID: -8679921383154817045, guid: fcc503e1195b5064d9115ebceecb0526, type: 3}
      propertyPath: m_LocalPosition.y
      value: 0.26
      objectReference: {fileID: 0}
    - target: {fileID: -8679921383154817045, guid: fcc503e1195b5064d9115ebceecb0526, type: 3}
      propertyPath: m_LocalPosition.z
      value: -5.0700073
      objectReference: {fileID: 0}
    - target: {fileID: -8679921383154817045, guid: fcc503e1195b5064d9115ebceecb0526, type: 3}
      propertyPath: m_LocalRotation.w
      value: 0.86566865
      objectReference: {fileID: 0}
    - target: {fileID: -8679921383154817045, guid: fcc503e1195b5064d9115ebceecb0526, type: 3}
      propertyPath: m_LocalRotation.x
      value: -0.024023414
      objectReference: {fileID: 0}
    - target: {fileID: -8679921383154817045, guid: fcc503e1195b5064d9115ebceecb0526, type: 3}
      propertyPath: m_LocalRotation.y
      value: -0.498296
      objectReference: {fileID: 0}
    - target: {fileID: -8679921383154817045, guid: fcc503e1195b5064d9115ebceecb0526, type: 3}
      propertyPath: m_LocalRotation.z
      value: 0.041734856
      objectReference: {fileID: 0}
    - target: {fileID: -8679921383154817045, guid: fcc503e1195b5064d9115ebceecb0526, type: 3}
      propertyPath: m_LocalEulerAnglesHint.x
      value: 0
      objectReference: {fileID: 0}
    - target: {fileID: -8679921383154817045, guid: fcc503e1195b5064d9115ebceecb0526, type: 3}
      propertyPath: m_LocalEulerAnglesHint.y
      value: -59.851
      objectReference: {fileID: 0}
    - target: {fileID: -8679921383154817045, guid: fcc503e1195b5064d9115ebceecb0526, type: 3}
      propertyPath: m_LocalEulerAnglesHint.z
      value: 5.52
      objectReference: {fileID: 0}
    - target: {fileID: 919132149155446097, guid: fcc503e1195b5064d9115ebceecb0526, type: 3}
      propertyPath: m_Name
      value: Hay_1
      objectReference: {fileID: 0}
    m_RemovedComponents: []
  m_SourcePrefab: {fileID: 100100000, guid: fcc503e1195b5064d9115ebceecb0526, type: 3}
--- !u!4 &5248470474560027149 stripped
Transform:
  m_CorrespondingSourceObject: {fileID: -8679921383154817045, guid: fcc503e1195b5064d9115ebceecb0526, type: 3}
  m_PrefabInstance: {fileID: 5718702275660864998}
  m_PrefabAsset: {fileID: 0}
--- !u!1001 &5718702275678108507
PrefabInstance:
  m_ObjectHideFlags: 0
  serializedVersion: 2
  m_Modification:
    m_TransformParent: {fileID: 8397853662895970904}
    m_Modifications:
    - target: {fileID: -8679921383154817045, guid: f57338bfb7ae94141bdb806411e69443, type: 3}
      propertyPath: m_RootOrder
      value: 6
      objectReference: {fileID: 0}
    - target: {fileID: -8679921383154817045, guid: f57338bfb7ae94141bdb806411e69443, type: 3}
      propertyPath: m_LocalPosition.x
      value: -17.26
      objectReference: {fileID: 0}
    - target: {fileID: -8679921383154817045, guid: f57338bfb7ae94141bdb806411e69443, type: 3}
      propertyPath: m_LocalPosition.y
      value: 2.58
      objectReference: {fileID: 0}
    - target: {fileID: -8679921383154817045, guid: f57338bfb7ae94141bdb806411e69443, type: 3}
      propertyPath: m_LocalPosition.z
      value: 13.867004
      objectReference: {fileID: 0}
    - target: {fileID: -8679921383154817045, guid: f57338bfb7ae94141bdb806411e69443, type: 3}
      propertyPath: m_LocalRotation.w
      value: 0.00000019470718
      objectReference: {fileID: 0}
    - target: {fileID: -8679921383154817045, guid: f57338bfb7ae94141bdb806411e69443, type: 3}
      propertyPath: m_LocalRotation.x
      value: -6.123235e-17
      objectReference: {fileID: 0}
    - target: {fileID: -8679921383154817045, guid: f57338bfb7ae94141bdb806411e69443, type: 3}
      propertyPath: m_LocalRotation.y
      value: 1
      objectReference: {fileID: 0}
    - target: {fileID: -8679921383154817045, guid: f57338bfb7ae94141bdb806411e69443, type: 3}
      propertyPath: m_LocalRotation.z
      value: 6.123235e-17
      objectReference: {fileID: 0}
    - target: {fileID: -8679921383154817045, guid: f57338bfb7ae94141bdb806411e69443, type: 3}
      propertyPath: m_LocalEulerAnglesHint.x
      value: 0
      objectReference: {fileID: 0}
    - target: {fileID: -8679921383154817045, guid: f57338bfb7ae94141bdb806411e69443, type: 3}
      propertyPath: m_LocalEulerAnglesHint.y
      value: 0
      objectReference: {fileID: 0}
    - target: {fileID: -8679921383154817045, guid: f57338bfb7ae94141bdb806411e69443, type: 3}
      propertyPath: m_LocalEulerAnglesHint.z
      value: 0
      objectReference: {fileID: 0}
    - target: {fileID: 919132149155446097, guid: f57338bfb7ae94141bdb806411e69443, type: 3}
      propertyPath: m_Name
      value: Farm_Fence_half (2)
      objectReference: {fileID: 0}
    m_RemovedComponents: []
  m_SourcePrefab: {fileID: 100100000, guid: f57338bfb7ae94141bdb806411e69443, type: 3}
--- !u!4 &5248470474534395056 stripped
Transform:
  m_CorrespondingSourceObject: {fileID: -8679921383154817045, guid: f57338bfb7ae94141bdb806411e69443, type: 3}
  m_PrefabInstance: {fileID: 5718702275678108507}
  m_PrefabAsset: {fileID: 0}
--- !u!1001 &5718702275785732102
PrefabInstance:
  m_ObjectHideFlags: 0
  serializedVersion: 2
  m_Modification:
    m_TransformParent: {fileID: 8397853662895970904}
    m_Modifications:
    - target: {fileID: -8679921383154817045, guid: f57338bfb7ae94141bdb806411e69443, type: 3}
      propertyPath: m_RootOrder
      value: 21
      objectReference: {fileID: 0}
    - target: {fileID: -8679921383154817045, guid: f57338bfb7ae94141bdb806411e69443, type: 3}
      propertyPath: m_LocalPosition.x
      value: 19.341072
      objectReference: {fileID: 0}
    - target: {fileID: -8679921383154817045, guid: f57338bfb7ae94141bdb806411e69443, type: 3}
      propertyPath: m_LocalPosition.y
      value: 2.58
      objectReference: {fileID: 0}
    - target: {fileID: -8679921383154817045, guid: f57338bfb7ae94141bdb806411e69443, type: 3}
      propertyPath: m_LocalPosition.z
      value: -9.264923
      objectReference: {fileID: 0}
    - target: {fileID: -8679921383154817045, guid: f57338bfb7ae94141bdb806411e69443, type: 3}
      propertyPath: m_LocalRotation.w
      value: 0.7071059
      objectReference: {fileID: 0}
    - target: {fileID: -8679921383154817045, guid: f57338bfb7ae94141bdb806411e69443, type: 3}
      propertyPath: m_LocalRotation.x
      value: -8.6595626e-17
      objectReference: {fileID: 0}
    - target: {fileID: -8679921383154817045, guid: f57338bfb7ae94141bdb806411e69443, type: 3}
      propertyPath: m_LocalRotation.y
      value: 0.7071077
      objectReference: {fileID: 0}
    - target: {fileID: -8679921383154817045, guid: f57338bfb7ae94141bdb806411e69443, type: 3}
      propertyPath: m_LocalRotation.z
      value: 1.3400326e-22
      objectReference: {fileID: 0}
    - target: {fileID: -8679921383154817045, guid: f57338bfb7ae94141bdb806411e69443, type: 3}
      propertyPath: m_LocalEulerAnglesHint.x
      value: 0
      objectReference: {fileID: 0}
    - target: {fileID: -8679921383154817045, guid: f57338bfb7ae94141bdb806411e69443, type: 3}
      propertyPath: m_LocalEulerAnglesHint.y
      value: 90
      objectReference: {fileID: 0}
    - target: {fileID: -8679921383154817045, guid: f57338bfb7ae94141bdb806411e69443, type: 3}
      propertyPath: m_LocalEulerAnglesHint.z
      value: 0
      objectReference: {fileID: 0}
    - target: {fileID: 919132149155446097, guid: f57338bfb7ae94141bdb806411e69443, type: 3}
      propertyPath: m_Name
      value: Farm_Fence_half (18)
      objectReference: {fileID: 0}
    m_RemovedComponents: []
  m_SourcePrefab: {fileID: 100100000, guid: f57338bfb7ae94141bdb806411e69443, type: 3}
--- !u!4 &5248470474434828269 stripped
Transform:
  m_CorrespondingSourceObject: {fileID: -8679921383154817045, guid: f57338bfb7ae94141bdb806411e69443, type: 3}
  m_PrefabInstance: {fileID: 5718702275785732102}
  m_PrefabAsset: {fileID: 0}
--- !u!1001 &5718702275836759868
PrefabInstance:
  m_ObjectHideFlags: 0
  serializedVersion: 2
  m_Modification:
    m_TransformParent: {fileID: 8397853662895970904}
    m_Modifications:
    - target: {fileID: -8679921383154817045, guid: f57338bfb7ae94141bdb806411e69443, type: 3}
      propertyPath: m_RootOrder
      value: 10
      objectReference: {fileID: 0}
    - target: {fileID: -8679921383154817045, guid: f57338bfb7ae94141bdb806411e69443, type: 3}
      propertyPath: m_LocalPosition.x
      value: 0.49000168
      objectReference: {fileID: 0}
    - target: {fileID: -8679921383154817045, guid: f57338bfb7ae94141bdb806411e69443, type: 3}
      propertyPath: m_LocalPosition.y
      value: 2.58
      objectReference: {fileID: 0}
    - target: {fileID: -8679921383154817045, guid: f57338bfb7ae94141bdb806411e69443, type: 3}
      propertyPath: m_LocalPosition.z
      value: 13.867004
      objectReference: {fileID: 0}
    - target: {fileID: -8679921383154817045, guid: f57338bfb7ae94141bdb806411e69443, type: 3}
      propertyPath: m_LocalRotation.w
      value: 0.00000019470718
      objectReference: {fileID: 0}
    - target: {fileID: -8679921383154817045, guid: f57338bfb7ae94141bdb806411e69443, type: 3}
      propertyPath: m_LocalRotation.x
      value: -6.123235e-17
      objectReference: {fileID: 0}
    - target: {fileID: -8679921383154817045, guid: f57338bfb7ae94141bdb806411e69443, type: 3}
      propertyPath: m_LocalRotation.y
      value: 1
      objectReference: {fileID: 0}
    - target: {fileID: -8679921383154817045, guid: f57338bfb7ae94141bdb806411e69443, type: 3}
      propertyPath: m_LocalRotation.z
      value: 6.123235e-17
      objectReference: {fileID: 0}
    - target: {fileID: -8679921383154817045, guid: f57338bfb7ae94141bdb806411e69443, type: 3}
      propertyPath: m_LocalEulerAnglesHint.x
      value: 0
      objectReference: {fileID: 0}
    - target: {fileID: -8679921383154817045, guid: f57338bfb7ae94141bdb806411e69443, type: 3}
      propertyPath: m_LocalEulerAnglesHint.y
      value: 0
      objectReference: {fileID: 0}
    - target: {fileID: -8679921383154817045, guid: f57338bfb7ae94141bdb806411e69443, type: 3}
      propertyPath: m_LocalEulerAnglesHint.z
      value: 0
      objectReference: {fileID: 0}
    - target: {fileID: 919132149155446097, guid: f57338bfb7ae94141bdb806411e69443, type: 3}
      propertyPath: m_Name
      value: Farm_Fence_half (6)
      objectReference: {fileID: 0}
    m_RemovedComponents: []
  m_SourcePrefab: {fileID: 100100000, guid: f57338bfb7ae94141bdb806411e69443, type: 3}
--- !u!4 &5248470474417678551 stripped
Transform:
  m_CorrespondingSourceObject: {fileID: -8679921383154817045, guid: f57338bfb7ae94141bdb806411e69443, type: 3}
  m_PrefabInstance: {fileID: 5718702275836759868}
  m_PrefabAsset: {fileID: 0}
--- !u!1001 &5718702275945415033
PrefabInstance:
  m_ObjectHideFlags: 0
  serializedVersion: 2
  m_Modification:
    m_TransformParent: {fileID: 8397853662895970904}
    m_Modifications:
    - target: {fileID: -8679921383154817045, guid: f57338bfb7ae94141bdb806411e69443, type: 3}
      propertyPath: m_RootOrder
      value: 17
      objectReference: {fileID: 0}
    - target: {fileID: -8679921383154817045, guid: f57338bfb7ae94141bdb806411e69443, type: 3}
      propertyPath: m_LocalPosition.x
      value: 15.0099945
      objectReference: {fileID: 0}
    - target: {fileID: -8679921383154817045, guid: f57338bfb7ae94141bdb806411e69443, type: 3}
      propertyPath: m_LocalPosition.y
      value: 2.58
      objectReference: {fileID: 0}
    - target: {fileID: -8679921383154817045, guid: f57338bfb7ae94141bdb806411e69443, type: 3}
      propertyPath: m_LocalPosition.z
      value: -13.700012
      objectReference: {fileID: 0}
    - target: {fileID: -8679921383154817045, guid: f57338bfb7ae94141bdb806411e69443, type: 3}
      propertyPath: m_LocalRotation.w
      value: 0.00000019470718
      objectReference: {fileID: 0}
    - target: {fileID: -8679921383154817045, guid: f57338bfb7ae94141bdb806411e69443, type: 3}
      propertyPath: m_LocalRotation.x
      value: -6.123235e-17
      objectReference: {fileID: 0}
    - target: {fileID: -8679921383154817045, guid: f57338bfb7ae94141bdb806411e69443, type: 3}
      propertyPath: m_LocalRotation.y
      value: 1
      objectReference: {fileID: 0}
    - target: {fileID: -8679921383154817045, guid: f57338bfb7ae94141bdb806411e69443, type: 3}
      propertyPath: m_LocalRotation.z
      value: 6.123235e-17
      objectReference: {fileID: 0}
    - target: {fileID: -8679921383154817045, guid: f57338bfb7ae94141bdb806411e69443, type: 3}
      propertyPath: m_LocalEulerAnglesHint.x
      value: 0
      objectReference: {fileID: 0}
    - target: {fileID: -8679921383154817045, guid: f57338bfb7ae94141bdb806411e69443, type: 3}
      propertyPath: m_LocalEulerAnglesHint.y
      value: 0
      objectReference: {fileID: 0}
    - target: {fileID: -8679921383154817045, guid: f57338bfb7ae94141bdb806411e69443, type: 3}
      propertyPath: m_LocalEulerAnglesHint.z
      value: 0
      objectReference: {fileID: 0}
    - target: {fileID: 919132149155446097, guid: f57338bfb7ae94141bdb806411e69443, type: 3}
      propertyPath: m_Name
      value: Farm_Fence_half (16)
      objectReference: {fileID: 0}
    m_RemovedComponents: []
  m_SourcePrefab: {fileID: 100100000, guid: f57338bfb7ae94141bdb806411e69443, type: 3}
--- !u!4 &5248470474308757138 stripped
Transform:
  m_CorrespondingSourceObject: {fileID: -8679921383154817045, guid: f57338bfb7ae94141bdb806411e69443, type: 3}
  m_PrefabInstance: {fileID: 5718702275945415033}
  m_PrefabAsset: {fileID: 0}
--- !u!1001 &5718702276123742679
PrefabInstance:
  m_ObjectHideFlags: 0
  serializedVersion: 2
  m_Modification:
    m_TransformParent: {fileID: 8397853662895970904}
    m_Modifications:
    - target: {fileID: -8679921383154817045, guid: f57338bfb7ae94141bdb806411e69443, type: 3}
      propertyPath: m_RootOrder
      value: 15
      objectReference: {fileID: 0}
    - target: {fileID: -8679921383154817045, guid: f57338bfb7ae94141bdb806411e69443, type: 3}
      propertyPath: m_LocalPosition.x
      value: 6.08
      objectReference: {fileID: 0}
    - target: {fileID: -8679921383154817045, guid: f57338bfb7ae94141bdb806411e69443, type: 3}
      propertyPath: m_LocalPosition.y
      value: 2.58
      objectReference: {fileID: 0}
    - target: {fileID: -8679921383154817045, guid: f57338bfb7ae94141bdb806411e69443, type: 3}
      propertyPath: m_LocalPosition.z
      value: -13.700012
      objectReference: {fileID: 0}
    - target: {fileID: -8679921383154817045, guid: f57338bfb7ae94141bdb806411e69443, type: 3}
      propertyPath: m_LocalRotation.w
      value: 0.00000019470718
      objectReference: {fileID: 0}
    - target: {fileID: -8679921383154817045, guid: f57338bfb7ae94141bdb806411e69443, type: 3}
      propertyPath: m_LocalRotation.x
      value: -6.123235e-17
      objectReference: {fileID: 0}
    - target: {fileID: -8679921383154817045, guid: f57338bfb7ae94141bdb806411e69443, type: 3}
      propertyPath: m_LocalRotation.y
      value: 1
      objectReference: {fileID: 0}
    - target: {fileID: -8679921383154817045, guid: f57338bfb7ae94141bdb806411e69443, type: 3}
      propertyPath: m_LocalRotation.z
      value: 6.123235e-17
      objectReference: {fileID: 0}
    - target: {fileID: -8679921383154817045, guid: f57338bfb7ae94141bdb806411e69443, type: 3}
      propertyPath: m_LocalEulerAnglesHint.x
      value: 0
      objectReference: {fileID: 0}
    - target: {fileID: -8679921383154817045, guid: f57338bfb7ae94141bdb806411e69443, type: 3}
      propertyPath: m_LocalEulerAnglesHint.y
      value: 0
      objectReference: {fileID: 0}
    - target: {fileID: -8679921383154817045, guid: f57338bfb7ae94141bdb806411e69443, type: 3}
      propertyPath: m_LocalEulerAnglesHint.z
      value: 0
      objectReference: {fileID: 0}
    - target: {fileID: 919132149155446097, guid: f57338bfb7ae94141bdb806411e69443, type: 3}
      propertyPath: m_Name
      value: Farm_Fence_half (15)
      objectReference: {fileID: 0}
    m_RemovedComponents: []
  m_SourcePrefab: {fileID: 100100000, guid: f57338bfb7ae94141bdb806411e69443, type: 3}
--- !u!4 &5248470474088756796 stripped
Transform:
  m_CorrespondingSourceObject: {fileID: -8679921383154817045, guid: f57338bfb7ae94141bdb806411e69443, type: 3}
  m_PrefabInstance: {fileID: 5718702276123742679}
  m_PrefabAsset: {fileID: 0}
--- !u!1001 &5718702276165958701
PrefabInstance:
  m_ObjectHideFlags: 0
  serializedVersion: 2
  m_Modification:
    m_TransformParent: {fileID: 8397853662895970904}
    m_Modifications:
    - target: {fileID: -8679921383154817045, guid: f57338bfb7ae94141bdb806411e69443, type: 3}
      propertyPath: m_RootOrder
      value: 0
      objectReference: {fileID: 0}
    - target: {fileID: -8679921383154817045, guid: f57338bfb7ae94141bdb806411e69443, type: 3}
      propertyPath: m_LocalPosition.x
      value: -21.74
      objectReference: {fileID: 0}
    - target: {fileID: -8679921383154817045, guid: f57338bfb7ae94141bdb806411e69443, type: 3}
      propertyPath: m_LocalPosition.y
      value: 2.58
      objectReference: {fileID: 0}
    - target: {fileID: -8679921383154817045, guid: f57338bfb7ae94141bdb806411e69443, type: 3}
      propertyPath: m_LocalPosition.z
      value: 13.867004
      objectReference: {fileID: 0}
    - target: {fileID: -8679921383154817045, guid: f57338bfb7ae94141bdb806411e69443, type: 3}
      propertyPath: m_LocalRotation.w
      value: 0.00000019470718
      objectReference: {fileID: 0}
    - target: {fileID: -8679921383154817045, guid: f57338bfb7ae94141bdb806411e69443, type: 3}
      propertyPath: m_LocalRotation.x
      value: -6.123235e-17
      objectReference: {fileID: 0}
    - target: {fileID: -8679921383154817045, guid: f57338bfb7ae94141bdb806411e69443, type: 3}
      propertyPath: m_LocalRotation.y
      value: 1
      objectReference: {fileID: 0}
    - target: {fileID: -8679921383154817045, guid: f57338bfb7ae94141bdb806411e69443, type: 3}
      propertyPath: m_LocalRotation.z
      value: 6.123235e-17
      objectReference: {fileID: 0}
    - target: {fileID: -8679921383154817045, guid: f57338bfb7ae94141bdb806411e69443, type: 3}
      propertyPath: m_LocalEulerAnglesHint.x
      value: 0
      objectReference: {fileID: 0}
    - target: {fileID: -8679921383154817045, guid: f57338bfb7ae94141bdb806411e69443, type: 3}
      propertyPath: m_LocalEulerAnglesHint.y
      value: 0
      objectReference: {fileID: 0}
    - target: {fileID: -8679921383154817045, guid: f57338bfb7ae94141bdb806411e69443, type: 3}
      propertyPath: m_LocalEulerAnglesHint.z
      value: 0
      objectReference: {fileID: 0}
    - target: {fileID: 919132149155446097, guid: f57338bfb7ae94141bdb806411e69443, type: 3}
      propertyPath: m_Name
      value: Farm_Fence_half (1)
      objectReference: {fileID: 0}
    m_RemovedComponents: []
  m_SourcePrefab: {fileID: 100100000, guid: f57338bfb7ae94141bdb806411e69443, type: 3}
--- !u!4 &5248470474080099270 stripped
Transform:
  m_CorrespondingSourceObject: {fileID: -8679921383154817045, guid: f57338bfb7ae94141bdb806411e69443, type: 3}
  m_PrefabInstance: {fileID: 5718702276165958701}
  m_PrefabAsset: {fileID: 0}
--- !u!1001 &5718702276212072853
PrefabInstance:
  m_ObjectHideFlags: 0
  serializedVersion: 2
  m_Modification:
    m_TransformParent: {fileID: 8397853662895970904}
    m_Modifications:
    - target: {fileID: -8679921383154817045, guid: ac0bd80f197ad7b4280cf3ca8088bb4d, type: 3}
      propertyPath: m_RootOrder
      value: 1
      objectReference: {fileID: 0}
    - target: {fileID: -8679921383154817045, guid: ac0bd80f197ad7b4280cf3ca8088bb4d, type: 3}
      propertyPath: m_LocalPosition.x
      value: -21.723001
      objectReference: {fileID: 0}
    - target: {fileID: -8679921383154817045, guid: ac0bd80f197ad7b4280cf3ca8088bb4d, type: 3}
      propertyPath: m_LocalPosition.y
      value: 2.65
      objectReference: {fileID: 0}
    - target: {fileID: -8679921383154817045, guid: ac0bd80f197ad7b4280cf3ca8088bb4d, type: 3}
      propertyPath: m_LocalPosition.z
      value: 13.850006
      objectReference: {fileID: 0}
    - target: {fileID: -8679921383154817045, guid: ac0bd80f197ad7b4280cf3ca8088bb4d, type: 3}
      propertyPath: m_LocalRotation.w
      value: 1
      objectReference: {fileID: 0}
    - target: {fileID: -8679921383154817045, guid: ac0bd80f197ad7b4280cf3ca8088bb4d, type: 3}
      propertyPath: m_LocalRotation.x
      value: -0
      objectReference: {fileID: 0}
    - target: {fileID: -8679921383154817045, guid: ac0bd80f197ad7b4280cf3ca8088bb4d, type: 3}
      propertyPath: m_LocalRotation.y
      value: -0
      objectReference: {fileID: 0}
    - target: {fileID: -8679921383154817045, guid: ac0bd80f197ad7b4280cf3ca8088bb4d, type: 3}
      propertyPath: m_LocalRotation.z
      value: -0
      objectReference: {fileID: 0}
    - target: {fileID: -8679921383154817045, guid: ac0bd80f197ad7b4280cf3ca8088bb4d, type: 3}
      propertyPath: m_LocalEulerAnglesHint.x
      value: 0
      objectReference: {fileID: 0}
    - target: {fileID: -8679921383154817045, guid: ac0bd80f197ad7b4280cf3ca8088bb4d, type: 3}
      propertyPath: m_LocalEulerAnglesHint.y
      value: 0
      objectReference: {fileID: 0}
    - target: {fileID: -8679921383154817045, guid: ac0bd80f197ad7b4280cf3ca8088bb4d, type: 3}
      propertyPath: m_LocalEulerAnglesHint.z
      value: 0
      objectReference: {fileID: 0}
    - target: {fileID: 919132149155446097, guid: ac0bd80f197ad7b4280cf3ca8088bb4d, type: 3}
      propertyPath: m_Name
      value: Farm_Fence_full (1)
      objectReference: {fileID: 0}
    m_RemovedComponents: []
  m_SourcePrefab: {fileID: 100100000, guid: ac0bd80f197ad7b4280cf3ca8088bb4d, type: 3}
--- !u!4 &5248470474042361470 stripped
Transform:
  m_CorrespondingSourceObject: {fileID: -8679921383154817045, guid: ac0bd80f197ad7b4280cf3ca8088bb4d, type: 3}
  m_PrefabInstance: {fileID: 5718702276212072853}
  m_PrefabAsset: {fileID: 0}
--- !u!1001 &5718702276234088407
PrefabInstance:
  m_ObjectHideFlags: 0
  serializedVersion: 2
  m_Modification:
    m_TransformParent: {fileID: 8397853662895970904}
    m_Modifications:
    - target: {fileID: -8679921383154817045, guid: f57338bfb7ae94141bdb806411e69443, type: 3}
      propertyPath: m_RootOrder
      value: 9
      objectReference: {fileID: 0}
    - target: {fileID: -8679921383154817045, guid: f57338bfb7ae94141bdb806411e69443, type: 3}
      propertyPath: m_LocalPosition.x
      value: -3.9899979
      objectReference: {fileID: 0}
    - target: {fileID: -8679921383154817045, guid: f57338bfb7ae94141bdb806411e69443, type: 3}
      propertyPath: m_LocalPosition.y
      value: 2.58
      objectReference: {fileID: 0}
    - target: {fileID: -8679921383154817045, guid: f57338bfb7ae94141bdb806411e69443, type: 3}
      propertyPath: m_LocalPosition.z
      value: 13.867004
      objectReference: {fileID: 0}
    - target: {fileID: -8679921383154817045, guid: f57338bfb7ae94141bdb806411e69443, type: 3}
      propertyPath: m_LocalRotation.w
      value: 0.00000019470718
      objectReference: {fileID: 0}
    - target: {fileID: -8679921383154817045, guid: f57338bfb7ae94141bdb806411e69443, type: 3}
      propertyPath: m_LocalRotation.x
      value: -6.123235e-17
      objectReference: {fileID: 0}
    - target: {fileID: -8679921383154817045, guid: f57338bfb7ae94141bdb806411e69443, type: 3}
      propertyPath: m_LocalRotation.y
      value: 1
      objectReference: {fileID: 0}
    - target: {fileID: -8679921383154817045, guid: f57338bfb7ae94141bdb806411e69443, type: 3}
      propertyPath: m_LocalRotation.z
      value: 6.123235e-17
      objectReference: {fileID: 0}
    - target: {fileID: -8679921383154817045, guid: f57338bfb7ae94141bdb806411e69443, type: 3}
      propertyPath: m_LocalEulerAnglesHint.x
      value: 0
      objectReference: {fileID: 0}
    - target: {fileID: -8679921383154817045, guid: f57338bfb7ae94141bdb806411e69443, type: 3}
      propertyPath: m_LocalEulerAnglesHint.y
      value: 0
      objectReference: {fileID: 0}
    - target: {fileID: -8679921383154817045, guid: f57338bfb7ae94141bdb806411e69443, type: 3}
      propertyPath: m_LocalEulerAnglesHint.z
      value: 0
      objectReference: {fileID: 0}
    - target: {fileID: 919132149155446097, guid: f57338bfb7ae94141bdb806411e69443, type: 3}
      propertyPath: m_Name
      value: Farm_Fence_half (5)
      objectReference: {fileID: 0}
    m_RemovedComponents: []
  m_SourcePrefab: {fileID: 100100000, guid: f57338bfb7ae94141bdb806411e69443, type: 3}
--- !u!4 &5248470474011961404 stripped
Transform:
  m_CorrespondingSourceObject: {fileID: -8679921383154817045, guid: f57338bfb7ae94141bdb806411e69443, type: 3}
  m_PrefabInstance: {fileID: 5718702276234088407}
  m_PrefabAsset: {fileID: 0}
--- !u!1001 &5718702276250516910
PrefabInstance:
  m_ObjectHideFlags: 0
  serializedVersion: 2
  m_Modification:
    m_TransformParent: {fileID: 8397853662895970904}
    m_Modifications:
    - target: {fileID: -8679921383154817045, guid: bd540ca1ed4c2bf419686bf1df6008a7, type: 3}
      propertyPath: m_RootOrder
      value: 3
      objectReference: {fileID: 0}
    - target: {fileID: -8679921383154817045, guid: bd540ca1ed4c2bf419686bf1df6008a7, type: 3}
      propertyPath: m_LocalPosition.x
      value: -3.6626167
      objectReference: {fileID: 0}
    - target: {fileID: -8679921383154817045, guid: bd540ca1ed4c2bf419686bf1df6008a7, type: 3}
      propertyPath: m_LocalPosition.y
      value: -0.06444812
      objectReference: {fileID: 0}
    - target: {fileID: -8679921383154817045, guid: bd540ca1ed4c2bf419686bf1df6008a7, type: 3}
      propertyPath: m_LocalPosition.z
      value: -0.040008545
      objectReference: {fileID: 0}
    - target: {fileID: -8679921383154817045, guid: bd540ca1ed4c2bf419686bf1df6008a7, type: 3}
      propertyPath: m_LocalRotation.w
      value: 1
      objectReference: {fileID: 0}
    - target: {fileID: -8679921383154817045, guid: bd540ca1ed4c2bf419686bf1df6008a7, type: 3}
      propertyPath: m_LocalRotation.x
      value: -0
      objectReference: {fileID: 0}
    - target: {fileID: -8679921383154817045, guid: bd540ca1ed4c2bf419686bf1df6008a7, type: 3}
      propertyPath: m_LocalRotation.y
      value: -0
      objectReference: {fileID: 0}
    - target: {fileID: -8679921383154817045, guid: bd540ca1ed4c2bf419686bf1df6008a7, type: 3}
      propertyPath: m_LocalRotation.z
      value: -0
      objectReference: {fileID: 0}
    - target: {fileID: -8679921383154817045, guid: bd540ca1ed4c2bf419686bf1df6008a7, type: 3}
      propertyPath: m_LocalEulerAnglesHint.x
      value: 0
      objectReference: {fileID: 0}
    - target: {fileID: -8679921383154817045, guid: bd540ca1ed4c2bf419686bf1df6008a7, type: 3}
      propertyPath: m_LocalEulerAnglesHint.y
      value: 0
      objectReference: {fileID: 0}
    - target: {fileID: -8679921383154817045, guid: bd540ca1ed4c2bf419686bf1df6008a7, type: 3}
      propertyPath: m_LocalEulerAnglesHint.z
      value: 0
      objectReference: {fileID: 0}
    - target: {fileID: 919132149155446097, guid: bd540ca1ed4c2bf419686bf1df6008a7, type: 3}
      propertyPath: m_Name
      value: Farm_Base
      objectReference: {fileID: 0}
    m_RemovedComponents: []
  m_SourcePrefab: {fileID: 100100000, guid: bd540ca1ed4c2bf419686bf1df6008a7, type: 3}
--- !u!4 &5248470473961658949 stripped
Transform:
  m_CorrespondingSourceObject: {fileID: -8679921383154817045, guid: bd540ca1ed4c2bf419686bf1df6008a7, type: 3}
  m_PrefabInstance: {fileID: 5718702276250516910}
  m_PrefabAsset: {fileID: 0}
--- !u!1001 &5718702276302044967
PrefabInstance:
  m_ObjectHideFlags: 0
  serializedVersion: 2
  m_Modification:
    m_TransformParent: {fileID: 8397853662895970904}
    m_Modifications:
    - target: {fileID: -8679921383154817045, guid: f57338bfb7ae94141bdb806411e69443, type: 3}
      propertyPath: m_RootOrder
      value: 7
      objectReference: {fileID: 0}
    - target: {fileID: -8679921383154817045, guid: f57338bfb7ae94141bdb806411e69443, type: 3}
      propertyPath: m_LocalPosition.x
      value: -12.85
      objectReference: {fileID: 0}
    - target: {fileID: -8679921383154817045, guid: f57338bfb7ae94141bdb806411e69443, type: 3}
      propertyPath: m_LocalPosition.y
      value: 2.58
      objectReference: {fileID: 0}
    - target: {fileID: -8679921383154817045, guid: f57338bfb7ae94141bdb806411e69443, type: 3}
      propertyPath: m_LocalPosition.z
      value: 13.867004
      objectReference: {fileID: 0}
    - target: {fileID: -8679921383154817045, guid: f57338bfb7ae94141bdb806411e69443, type: 3}
      propertyPath: m_LocalRotation.w
      value: 0.00000019470718
      objectReference: {fileID: 0}
    - target: {fileID: -8679921383154817045, guid: f57338bfb7ae94141bdb806411e69443, type: 3}
      propertyPath: m_LocalRotation.x
      value: -6.123235e-17
      objectReference: {fileID: 0}
    - target: {fileID: -8679921383154817045, guid: f57338bfb7ae94141bdb806411e69443, type: 3}
      propertyPath: m_LocalRotation.y
      value: 1
      objectReference: {fileID: 0}
    - target: {fileID: -8679921383154817045, guid: f57338bfb7ae94141bdb806411e69443, type: 3}
      propertyPath: m_LocalRotation.z
      value: 6.123235e-17
      objectReference: {fileID: 0}
    - target: {fileID: -8679921383154817045, guid: f57338bfb7ae94141bdb806411e69443, type: 3}
      propertyPath: m_LocalEulerAnglesHint.x
      value: 0
      objectReference: {fileID: 0}
    - target: {fileID: -8679921383154817045, guid: f57338bfb7ae94141bdb806411e69443, type: 3}
      propertyPath: m_LocalEulerAnglesHint.y
      value: 0
      objectReference: {fileID: 0}
    - target: {fileID: -8679921383154817045, guid: f57338bfb7ae94141bdb806411e69443, type: 3}
      propertyPath: m_LocalEulerAnglesHint.z
      value: 0
      objectReference: {fileID: 0}
    - target: {fileID: 919132149155446097, guid: f57338bfb7ae94141bdb806411e69443, type: 3}
      propertyPath: m_Name
      value: Farm_Fence_half (3)
      objectReference: {fileID: 0}
    m_RemovedComponents: []
  m_SourcePrefab: {fileID: 100100000, guid: f57338bfb7ae94141bdb806411e69443, type: 3}
--- !u!4 &5248470473943947468 stripped
Transform:
  m_CorrespondingSourceObject: {fileID: -8679921383154817045, guid: f57338bfb7ae94141bdb806411e69443, type: 3}
  m_PrefabInstance: {fileID: 5718702276302044967}
  m_PrefabAsset: {fileID: 0}
--- !u!1001 &5718702276315177502
PrefabInstance:
  m_ObjectHideFlags: 0
  serializedVersion: 2
  m_Modification:
    m_TransformParent: {fileID: 8397853662895970904}
    m_Modifications:
    - target: {fileID: -8679921383154817045, guid: f57338bfb7ae94141bdb806411e69443, type: 3}
      propertyPath: m_RootOrder
      value: 13
      objectReference: {fileID: 0}
    - target: {fileID: -8679921383154817045, guid: f57338bfb7ae94141bdb806411e69443, type: 3}
      propertyPath: m_LocalPosition.x
      value: 13.829998
      objectReference: {fileID: 0}
    - target: {fileID: -8679921383154817045, guid: f57338bfb7ae94141bdb806411e69443, type: 3}
      propertyPath: m_LocalPosition.y
      value: 2.58
      objectReference: {fileID: 0}
    - target: {fileID: -8679921383154817045, guid: f57338bfb7ae94141bdb806411e69443, type: 3}
      propertyPath: m_LocalPosition.z
      value: 13.867004
      objectReference: {fileID: 0}
    - target: {fileID: -8679921383154817045, guid: f57338bfb7ae94141bdb806411e69443, type: 3}
      propertyPath: m_LocalRotation.w
      value: 0.00000019470718
      objectReference: {fileID: 0}
    - target: {fileID: -8679921383154817045, guid: f57338bfb7ae94141bdb806411e69443, type: 3}
      propertyPath: m_LocalRotation.x
      value: -6.123235e-17
      objectReference: {fileID: 0}
    - target: {fileID: -8679921383154817045, guid: f57338bfb7ae94141bdb806411e69443, type: 3}
      propertyPath: m_LocalRotation.y
      value: 1
      objectReference: {fileID: 0}
    - target: {fileID: -8679921383154817045, guid: f57338bfb7ae94141bdb806411e69443, type: 3}
      propertyPath: m_LocalRotation.z
      value: 6.123235e-17
      objectReference: {fileID: 0}
    - target: {fileID: -8679921383154817045, guid: f57338bfb7ae94141bdb806411e69443, type: 3}
      propertyPath: m_LocalEulerAnglesHint.x
      value: 0
      objectReference: {fileID: 0}
    - target: {fileID: -8679921383154817045, guid: f57338bfb7ae94141bdb806411e69443, type: 3}
      propertyPath: m_LocalEulerAnglesHint.y
      value: 0
      objectReference: {fileID: 0}
    - target: {fileID: -8679921383154817045, guid: f57338bfb7ae94141bdb806411e69443, type: 3}
      propertyPath: m_LocalEulerAnglesHint.z
      value: 0
      objectReference: {fileID: 0}
    - target: {fileID: 919132149155446097, guid: f57338bfb7ae94141bdb806411e69443, type: 3}
      propertyPath: m_Name
      value: Farm_Fence_half (9)
      objectReference: {fileID: 0}
    m_RemovedComponents: []
  m_SourcePrefab: {fileID: 100100000, guid: f57338bfb7ae94141bdb806411e69443, type: 3}
--- !u!4 &5248470473939256821 stripped
Transform:
  m_CorrespondingSourceObject: {fileID: -8679921383154817045, guid: f57338bfb7ae94141bdb806411e69443, type: 3}
  m_PrefabInstance: {fileID: 5718702276315177502}
  m_PrefabAsset: {fileID: 0}
--- !u!1001 &5718702276597197565
PrefabInstance:
  m_ObjectHideFlags: 0
  serializedVersion: 2
  m_Modification:
    m_TransformParent: {fileID: 8397853662895970904}
    m_Modifications:
    - target: {fileID: -8679921383154817045, guid: f57338bfb7ae94141bdb806411e69443, type: 3}
      propertyPath: m_RootOrder
      value: 22
      objectReference: {fileID: 0}
    - target: {fileID: -8679921383154817045, guid: f57338bfb7ae94141bdb806411e69443, type: 3}
      propertyPath: m_LocalPosition.x
      value: 19.341076
      objectReference: {fileID: 0}
    - target: {fileID: -8679921383154817045, guid: f57338bfb7ae94141bdb806411e69443, type: 3}
      propertyPath: m_LocalPosition.y
      value: 2.58
      objectReference: {fileID: 0}
    - target: {fileID: -8679921383154817045, guid: f57338bfb7ae94141bdb806411e69443, type: 3}
      propertyPath: m_LocalPosition.z
      value: -13.744965
      objectReference: {fileID: 0}
    - target: {fileID: -8679921383154817045, guid: f57338bfb7ae94141bdb806411e69443, type: 3}
      propertyPath: m_LocalRotation.w
      value: 0.7071059
      objectReference: {fileID: 0}
    - target: {fileID: -8679921383154817045, guid: f57338bfb7ae94141bdb806411e69443, type: 3}
      propertyPath: m_LocalRotation.x
      value: -8.6595626e-17
      objectReference: {fileID: 0}
    - target: {fileID: -8679921383154817045, guid: f57338bfb7ae94141bdb806411e69443, type: 3}
      propertyPath: m_LocalRotation.y
      value: 0.7071077
      objectReference: {fileID: 0}
    - target: {fileID: -8679921383154817045, guid: f57338bfb7ae94141bdb806411e69443, type: 3}
      propertyPath: m_LocalRotation.z
      value: 1.3400326e-22
      objectReference: {fileID: 0}
    - target: {fileID: -8679921383154817045, guid: f57338bfb7ae94141bdb806411e69443, type: 3}
      propertyPath: m_LocalEulerAnglesHint.x
      value: 0
      objectReference: {fileID: 0}
    - target: {fileID: -8679921383154817045, guid: f57338bfb7ae94141bdb806411e69443, type: 3}
      propertyPath: m_LocalEulerAnglesHint.y
      value: 90
      objectReference: {fileID: 0}
    - target: {fileID: -8679921383154817045, guid: f57338bfb7ae94141bdb806411e69443, type: 3}
      propertyPath: m_LocalEulerAnglesHint.z
      value: 0
      objectReference: {fileID: 0}
    - target: {fileID: 919132149155446097, guid: f57338bfb7ae94141bdb806411e69443, type: 3}
      propertyPath: m_Name
      value: Farm_Fence_half (17)
      objectReference: {fileID: 0}
    m_RemovedComponents: []
  m_SourcePrefab: {fileID: 100100000, guid: f57338bfb7ae94141bdb806411e69443, type: 3}
--- !u!4 &5248470473623620886 stripped
Transform:
  m_CorrespondingSourceObject: {fileID: -8679921383154817045, guid: f57338bfb7ae94141bdb806411e69443, type: 3}
  m_PrefabInstance: {fileID: 5718702276597197565}
  m_PrefabAsset: {fileID: 0}
--- !u!1001 &5718702276612971723
PrefabInstance:
  m_ObjectHideFlags: 0
  serializedVersion: 2
  m_Modification:
    m_TransformParent: {fileID: 8397853662895970904}
    m_Modifications:
    - target: {fileID: -8679921383154817045, guid: f57338bfb7ae94141bdb806411e69443, type: 3}
      propertyPath: m_RootOrder
      value: 20
      objectReference: {fileID: 0}
    - target: {fileID: -8679921383154817045, guid: f57338bfb7ae94141bdb806411e69443, type: 3}
      propertyPath: m_LocalPosition.x
      value: 19.341095
      objectReference: {fileID: 0}
    - target: {fileID: -8679921383154817045, guid: f57338bfb7ae94141bdb806411e69443, type: 3}
      propertyPath: m_LocalPosition.y
      value: 2.58
      objectReference: {fileID: 0}
    - target: {fileID: -8679921383154817045, guid: f57338bfb7ae94141bdb806411e69443, type: 3}
      propertyPath: m_LocalPosition.z
      value: -4.814911
      objectReference: {fileID: 0}
    - target: {fileID: -8679921383154817045, guid: f57338bfb7ae94141bdb806411e69443, type: 3}
      propertyPath: m_LocalRotation.w
      value: 0.7071059
      objectReference: {fileID: 0}
    - target: {fileID: -8679921383154817045, guid: f57338bfb7ae94141bdb806411e69443, type: 3}
      propertyPath: m_LocalRotation.x
      value: -8.6595626e-17
      objectReference: {fileID: 0}
    - target: {fileID: -8679921383154817045, guid: f57338bfb7ae94141bdb806411e69443, type: 3}
      propertyPath: m_LocalRotation.y
      value: 0.7071077
      objectReference: {fileID: 0}
    - target: {fileID: -8679921383154817045, guid: f57338bfb7ae94141bdb806411e69443, type: 3}
      propertyPath: m_LocalRotation.z
      value: 1.3400326e-22
      objectReference: {fileID: 0}
    - target: {fileID: -8679921383154817045, guid: f57338bfb7ae94141bdb806411e69443, type: 3}
      propertyPath: m_LocalEulerAnglesHint.x
      value: 0
      objectReference: {fileID: 0}
    - target: {fileID: -8679921383154817045, guid: f57338bfb7ae94141bdb806411e69443, type: 3}
      propertyPath: m_LocalEulerAnglesHint.y
      value: 90
      objectReference: {fileID: 0}
    - target: {fileID: -8679921383154817045, guid: f57338bfb7ae94141bdb806411e69443, type: 3}
      propertyPath: m_LocalEulerAnglesHint.z
      value: 0
      objectReference: {fileID: 0}
    - target: {fileID: 919132149155446097, guid: f57338bfb7ae94141bdb806411e69443, type: 3}
      propertyPath: m_Name
      value: Farm_Fence_half (19)
      objectReference: {fileID: 0}
    m_RemovedComponents: []
  m_SourcePrefab: {fileID: 100100000, guid: f57338bfb7ae94141bdb806411e69443, type: 3}
--- !u!4 &5248470473633086240 stripped
Transform:
  m_CorrespondingSourceObject: {fileID: -8679921383154817045, guid: f57338bfb7ae94141bdb806411e69443, type: 3}
  m_PrefabInstance: {fileID: 5718702276612971723}
  m_PrefabAsset: {fileID: 0}
--- !u!1001 &5718702276805953456
PrefabInstance:
  m_ObjectHideFlags: 0
  serializedVersion: 2
  m_Modification:
    m_TransformParent: {fileID: 8397853662895970904}
    m_Modifications:
    - target: {fileID: -8679921383154817045, guid: b52fb9683feff214888a7be4dcc66bd8, type: 3}
      propertyPath: m_RootOrder
      value: 5
      objectReference: {fileID: 0}
    - target: {fileID: -8679921383154817045, guid: b52fb9683feff214888a7be4dcc66bd8, type: 3}
      propertyPath: m_LocalScale.x
      value: 1
      objectReference: {fileID: 0}
    - target: {fileID: -8679921383154817045, guid: b52fb9683feff214888a7be4dcc66bd8, type: 3}
      propertyPath: m_LocalScale.y
      value: 1
      objectReference: {fileID: 0}
    - target: {fileID: -8679921383154817045, guid: b52fb9683feff214888a7be4dcc66bd8, type: 3}
      propertyPath: m_LocalPosition.x
      value: -22.53
      objectReference: {fileID: 0}
    - target: {fileID: -8679921383154817045, guid: b52fb9683feff214888a7be4dcc66bd8, type: 3}
      propertyPath: m_LocalPosition.y
      value: 0.62
      objectReference: {fileID: 0}
    - target: {fileID: -8679921383154817045, guid: b52fb9683feff214888a7be4dcc66bd8, type: 3}
      propertyPath: m_LocalPosition.z
      value: -4.8900146
      objectReference: {fileID: 0}
    - target: {fileID: -8679921383154817045, guid: b52fb9683feff214888a7be4dcc66bd8, type: 3}
      propertyPath: m_LocalRotation.w
      value: 0.99960536
      objectReference: {fileID: 0}
    - target: {fileID: -8679921383154817045, guid: b52fb9683feff214888a7be4dcc66bd8, type: 3}
      propertyPath: m_LocalRotation.x
      value: -0
      objectReference: {fileID: 0}
    - target: {fileID: -8679921383154817045, guid: b52fb9683feff214888a7be4dcc66bd8, type: 3}
      propertyPath: m_LocalRotation.y
      value: -0
      objectReference: {fileID: 0}
    - target: {fileID: -8679921383154817045, guid: b52fb9683feff214888a7be4dcc66bd8, type: 3}
      propertyPath: m_LocalRotation.z
      value: 0.028091973
      objectReference: {fileID: 0}
    - target: {fileID: -8679921383154817045, guid: b52fb9683feff214888a7be4dcc66bd8, type: 3}
      propertyPath: m_LocalEulerAnglesHint.x
      value: 0
      objectReference: {fileID: 0}
    - target: {fileID: -8679921383154817045, guid: b52fb9683feff214888a7be4dcc66bd8, type: 3}
      propertyPath: m_LocalEulerAnglesHint.y
      value: 0
      objectReference: {fileID: 0}
    - target: {fileID: -8679921383154817045, guid: b52fb9683feff214888a7be4dcc66bd8, type: 3}
      propertyPath: m_LocalEulerAnglesHint.z
      value: 3.22
      objectReference: {fileID: 0}
    - target: {fileID: 919132149155446097, guid: b52fb9683feff214888a7be4dcc66bd8, type: 3}
      propertyPath: m_Name
      value: Hay_2
      objectReference: {fileID: 0}
    m_RemovedComponents: []
  m_SourcePrefab: {fileID: 100100000, guid: b52fb9683feff214888a7be4dcc66bd8, type: 3}
--- !u!4 &5248470473439830107 stripped
Transform:
  m_CorrespondingSourceObject: {fileID: -8679921383154817045, guid: b52fb9683feff214888a7be4dcc66bd8, type: 3}
  m_PrefabInstance: {fileID: 5718702276805953456}
  m_PrefabAsset: {fileID: 0}
--- !u!1001 &5718702276868350201
PrefabInstance:
  m_ObjectHideFlags: 0
  serializedVersion: 2
  m_Modification:
    m_TransformParent: {fileID: 8397853662895970904}
    m_Modifications:
    - target: {fileID: -8679921383154817045, guid: f57338bfb7ae94141bdb806411e69443, type: 3}
      propertyPath: m_RootOrder
      value: 14
      objectReference: {fileID: 0}
    - target: {fileID: -8679921383154817045, guid: f57338bfb7ae94141bdb806411e69443, type: 3}
      propertyPath: m_LocalPosition.x
      value: -14.500001
      objectReference: {fileID: 0}
    - target: {fileID: -8679921383154817045, guid: f57338bfb7ae94141bdb806411e69443, type: 3}
      propertyPath: m_LocalPosition.y
      value: 2.58
      objectReference: {fileID: 0}
    - target: {fileID: -8679921383154817045, guid: f57338bfb7ae94141bdb806411e69443, type: 3}
      propertyPath: m_LocalPosition.z
      value: -13.700012
      objectReference: {fileID: 0}
    - target: {fileID: -8679921383154817045, guid: f57338bfb7ae94141bdb806411e69443, type: 3}
      propertyPath: m_LocalRotation.w
      value: 0.00000019470718
      objectReference: {fileID: 0}
    - target: {fileID: -8679921383154817045, guid: f57338bfb7ae94141bdb806411e69443, type: 3}
      propertyPath: m_LocalRotation.x
      value: -6.123235e-17
      objectReference: {fileID: 0}
    - target: {fileID: -8679921383154817045, guid: f57338bfb7ae94141bdb806411e69443, type: 3}
      propertyPath: m_LocalRotation.y
      value: 1
      objectReference: {fileID: 0}
    - target: {fileID: -8679921383154817045, guid: f57338bfb7ae94141bdb806411e69443, type: 3}
      propertyPath: m_LocalRotation.z
      value: 6.123235e-17
      objectReference: {fileID: 0}
    - target: {fileID: -8679921383154817045, guid: f57338bfb7ae94141bdb806411e69443, type: 3}
      propertyPath: m_LocalEulerAnglesHint.x
      value: 0
      objectReference: {fileID: 0}
    - target: {fileID: -8679921383154817045, guid: f57338bfb7ae94141bdb806411e69443, type: 3}
      propertyPath: m_LocalEulerAnglesHint.y
      value: 0
      objectReference: {fileID: 0}
    - target: {fileID: -8679921383154817045, guid: f57338bfb7ae94141bdb806411e69443, type: 3}
      propertyPath: m_LocalEulerAnglesHint.z
      value: 0
      objectReference: {fileID: 0}
    - target: {fileID: 919132149155446097, guid: f57338bfb7ae94141bdb806411e69443, type: 3}
      propertyPath: m_Name
      value: Farm_Fence_half (10)
      objectReference: {fileID: 0}
    m_RemovedComponents: []
  m_SourcePrefab: {fileID: 100100000, guid: f57338bfb7ae94141bdb806411e69443, type: 3}
--- !u!4 &5248470473352267538 stripped
Transform:
  m_CorrespondingSourceObject: {fileID: -8679921383154817045, guid: f57338bfb7ae94141bdb806411e69443, type: 3}
  m_PrefabInstance: {fileID: 5718702276868350201}
  m_PrefabAsset: {fileID: 0}
--- !u!1001 &5718702276868546024
PrefabInstance:
  m_ObjectHideFlags: 0
  serializedVersion: 2
  m_Modification:
    m_TransformParent: {fileID: 8397853662895970904}
    m_Modifications:
    - target: {fileID: -8679921383154817045, guid: f57338bfb7ae94141bdb806411e69443, type: 3}
      propertyPath: m_RootOrder
      value: 18
      objectReference: {fileID: 0}
    - target: {fileID: -8679921383154817045, guid: f57338bfb7ae94141bdb806411e69443, type: 3}
      propertyPath: m_LocalPosition.x
      value: -10.070001
      objectReference: {fileID: 0}
    - target: {fileID: -8679921383154817045, guid: f57338bfb7ae94141bdb806411e69443, type: 3}
      propertyPath: m_LocalPosition.y
      value: 2.58
      objectReference: {fileID: 0}
    - target: {fileID: -8679921383154817045, guid: f57338bfb7ae94141bdb806411e69443, type: 3}
      propertyPath: m_LocalPosition.z
      value: -13.700012
      objectReference: {fileID: 0}
    - target: {fileID: -8679921383154817045, guid: f57338bfb7ae94141bdb806411e69443, type: 3}
      propertyPath: m_LocalRotation.w
      value: 0.00000019470718
      objectReference: {fileID: 0}
    - target: {fileID: -8679921383154817045, guid: f57338bfb7ae94141bdb806411e69443, type: 3}
      propertyPath: m_LocalRotation.x
      value: -6.123235e-17
      objectReference: {fileID: 0}
    - target: {fileID: -8679921383154817045, guid: f57338bfb7ae94141bdb806411e69443, type: 3}
      propertyPath: m_LocalRotation.y
      value: 1
      objectReference: {fileID: 0}
    - target: {fileID: -8679921383154817045, guid: f57338bfb7ae94141bdb806411e69443, type: 3}
      propertyPath: m_LocalRotation.z
      value: 6.123235e-17
      objectReference: {fileID: 0}
    - target: {fileID: -8679921383154817045, guid: f57338bfb7ae94141bdb806411e69443, type: 3}
      propertyPath: m_LocalEulerAnglesHint.x
      value: 0
      objectReference: {fileID: 0}
    - target: {fileID: -8679921383154817045, guid: f57338bfb7ae94141bdb806411e69443, type: 3}
      propertyPath: m_LocalEulerAnglesHint.y
      value: 0
      objectReference: {fileID: 0}
    - target: {fileID: -8679921383154817045, guid: f57338bfb7ae94141bdb806411e69443, type: 3}
      propertyPath: m_LocalEulerAnglesHint.z
      value: 0
      objectReference: {fileID: 0}
    - target: {fileID: 919132149155446097, guid: f57338bfb7ae94141bdb806411e69443, type: 3}
      propertyPath: m_Name
      value: Farm_Fence_half (11)
      objectReference: {fileID: 0}
    m_RemovedComponents: []
  m_SourcePrefab: {fileID: 100100000, guid: f57338bfb7ae94141bdb806411e69443, type: 3}
--- !u!4 &5248470473352346115 stripped
Transform:
  m_CorrespondingSourceObject: {fileID: -8679921383154817045, guid: f57338bfb7ae94141bdb806411e69443, type: 3}
  m_PrefabInstance: {fileID: 5718702276868546024}
  m_PrefabAsset: {fileID: 0}
--- !u!1001 &6139812497707439163
PrefabInstance:
  m_ObjectHideFlags: 0
  serializedVersion: 2
  m_Modification:
    m_TransformParent: {fileID: 8397853662895970904}
    m_Modifications:
    - target: {fileID: -8679921383154817045, guid: fcc503e1195b5064d9115ebceecb0526, type: 3}
      propertyPath: m_RootOrder
      value: 28
      objectReference: {fileID: 0}
    - target: {fileID: -8679921383154817045, guid: fcc503e1195b5064d9115ebceecb0526, type: 3}
      propertyPath: m_LocalScale.x
      value: 1
      objectReference: {fileID: 0}
    - target: {fileID: -8679921383154817045, guid: fcc503e1195b5064d9115ebceecb0526, type: 3}
      propertyPath: m_LocalScale.y
      value: 1
      objectReference: {fileID: 0}
    - target: {fileID: -8679921383154817045, guid: fcc503e1195b5064d9115ebceecb0526, type: 3}
      propertyPath: m_LocalPosition.x
      value: -17.650002
      objectReference: {fileID: 0}
    - target: {fileID: -8679921383154817045, guid: fcc503e1195b5064d9115ebceecb0526, type: 3}
      propertyPath: m_LocalPosition.y
      value: 0.110000014
      objectReference: {fileID: 0}
    - target: {fileID: -8679921383154817045, guid: fcc503e1195b5064d9115ebceecb0526, type: 3}
      propertyPath: m_LocalPosition.z
      value: -11.769989
      objectReference: {fileID: 0}
    - target: {fileID: -8679921383154817045, guid: fcc503e1195b5064d9115ebceecb0526, type: 3}
      propertyPath: m_LocalRotation.w
      value: 0.9466475
      objectReference: {fileID: 0}
    - target: {fileID: -8679921383154817045, guid: fcc503e1195b5064d9115ebceecb0526, type: 3}
      propertyPath: m_LocalRotation.x
      value: 0.015362616
      objectReference: {fileID: 0}
    - target: {fileID: -8679921383154817045, guid: fcc503e1195b5064d9115ebceecb0526, type: 3}
      propertyPath: m_LocalRotation.y
      value: 0.31865284
      objectReference: {fileID: 0}
    - target: {fileID: -8679921383154817045, guid: fcc503e1195b5064d9115ebceecb0526, type: 3}
      propertyPath: m_LocalRotation.z
      value: 0.045638964
      objectReference: {fileID: 0}
    - target: {fileID: -8679921383154817045, guid: fcc503e1195b5064d9115ebceecb0526, type: 3}
      propertyPath: m_LocalEulerAnglesHint.x
      value: 0
      objectReference: {fileID: 0}
    - target: {fileID: -8679921383154817045, guid: fcc503e1195b5064d9115ebceecb0526, type: 3}
      propertyPath: m_LocalEulerAnglesHint.y
      value: 37.208
      objectReference: {fileID: 0}
    - target: {fileID: -8679921383154817045, guid: fcc503e1195b5064d9115ebceecb0526, type: 3}
      propertyPath: m_LocalEulerAnglesHint.z
      value: 5.52
      objectReference: {fileID: 0}
    - target: {fileID: 919132149155446097, guid: fcc503e1195b5064d9115ebceecb0526, type: 3}
      propertyPath: m_Name
      value: Hay_1 (1)
      objectReference: {fileID: 0}
    m_RemovedComponents: []
  m_SourcePrefab: {fileID: 100100000, guid: fcc503e1195b5064d9115ebceecb0526, type: 3}
--- !u!4 &5962281652295463888 stripped
Transform:
  m_CorrespondingSourceObject: {fileID: -8679921383154817045, guid: fcc503e1195b5064d9115ebceecb0526, type: 3}
  m_PrefabInstance: {fileID: 6139812497707439163}
  m_PrefabAsset: {fileID: 0}
--- !u!1001 &7264412536229360756
PrefabInstance:
  m_ObjectHideFlags: 0
  serializedVersion: 2
  m_Modification:
    m_TransformParent: {fileID: 8397853662895970904}
    m_Modifications:
    - target: {fileID: -8679921383154817045, guid: b52fb9683feff214888a7be4dcc66bd8, type: 3}
      propertyPath: m_RootOrder
      value: 31
      objectReference: {fileID: 0}
    - target: {fileID: -8679921383154817045, guid: b52fb9683feff214888a7be4dcc66bd8, type: 3}
      propertyPath: m_LocalScale.x
      value: 0.7525199
      objectReference: {fileID: 0}
    - target: {fileID: -8679921383154817045, guid: b52fb9683feff214888a7be4dcc66bd8, type: 3}
      propertyPath: m_LocalScale.y
      value: 1.6200647
      objectReference: {fileID: 0}
    - target: {fileID: -8679921383154817045, guid: b52fb9683feff214888a7be4dcc66bd8, type: 3}
      propertyPath: m_LocalScale.z
      value: 0.75252
      objectReference: {fileID: 0}
    - target: {fileID: -8679921383154817045, guid: b52fb9683feff214888a7be4dcc66bd8, type: 3}
      propertyPath: m_LocalPosition.x
      value: -21.300001
      objectReference: {fileID: 0}
    - target: {fileID: -8679921383154817045, guid: b52fb9683feff214888a7be4dcc66bd8, type: 3}
      propertyPath: m_LocalPosition.y
      value: 0.19550002
      objectReference: {fileID: 0}
    - target: {fileID: -8679921383154817045, guid: b52fb9683feff214888a7be4dcc66bd8, type: 3}
      propertyPath: m_LocalPosition.z
      value: -4.549988
      objectReference: {fileID: 0}
    - target: {fileID: -8679921383154817045, guid: b52fb9683feff214888a7be4dcc66bd8, type: 3}
      propertyPath: m_LocalRotation.w
      value: 0.8028397
      objectReference: {fileID: 0}
    - target: {fileID: -8679921383154817045, guid: b52fb9683feff214888a7be4dcc66bd8, type: 3}
      propertyPath: m_LocalRotation.x
      value: 0.0155289695
      objectReference: {fileID: 0}
    - target: {fileID: -8679921383154817045, guid: b52fb9683feff214888a7be4dcc66bd8, type: 3}
      propertyPath: m_LocalRotation.y
      value: 0.5955994
      objectReference: {fileID: 0}
    - target: {fileID: -8679921383154817045, guid: b52fb9683feff214888a7be4dcc66bd8, type: 3}
      propertyPath: m_LocalRotation.z
      value: 0.021647649
      objectReference: {fileID: 0}
    - target: {fileID: -8679921383154817045, guid: b52fb9683feff214888a7be4dcc66bd8, type: 3}
      propertyPath: m_LocalEulerAnglesHint.x
      value: -0.049
      objectReference: {fileID: 0}
    - target: {fileID: -8679921383154817045, guid: b52fb9683feff214888a7be4dcc66bd8, type: 3}
      propertyPath: m_LocalEulerAnglesHint.y
      value: 73.14
      objectReference: {fileID: 0}
    - target: {fileID: -8679921383154817045, guid: b52fb9683feff214888a7be4dcc66bd8, type: 3}
      propertyPath: m_LocalEulerAnglesHint.z
      value: 3.053
      objectReference: {fileID: 0}
    - target: {fileID: 919132149155446097, guid: b52fb9683feff214888a7be4dcc66bd8, type: 3}
      propertyPath: m_Name
      value: Hay_2 (5)
      objectReference: {fileID: 0}
    m_RemovedComponents: []
  m_SourcePrefab: {fileID: 100100000, guid: b52fb9683feff214888a7be4dcc66bd8, type: 3}
--- !u!4 &7159274027543237535 stripped
Transform:
  m_CorrespondingSourceObject: {fileID: -8679921383154817045, guid: b52fb9683feff214888a7be4dcc66bd8, type: 3}
  m_PrefabInstance: {fileID: 7264412536229360756}
  m_PrefabAsset: {fileID: 0}
--- !u!1001 &7563248894902824230
PrefabInstance:
  m_ObjectHideFlags: 0
  serializedVersion: 2
  m_Modification:
    m_TransformParent: {fileID: 8397853662895970904}
    m_Modifications:
    - target: {fileID: -8679921383154817045, guid: f57338bfb7ae94141bdb806411e69443, type: 3}
      propertyPath: m_RootOrder
      value: 25
      objectReference: {fileID: 0}
    - target: {fileID: -8679921383154817045, guid: f57338bfb7ae94141bdb806411e69443, type: 3}
      propertyPath: m_LocalPosition.x
      value: 19.341213
      objectReference: {fileID: 0}
    - target: {fileID: -8679921383154817045, guid: f57338bfb7ae94141bdb806411e69443, type: 3}
      propertyPath: m_LocalPosition.y
      value: 2.58
      objectReference: {fileID: 0}
    - target: {fileID: -8679921383154817045, guid: f57338bfb7ae94141bdb806411e69443, type: 3}
      propertyPath: m_LocalPosition.z
      value: 8.405121
      objectReference: {fileID: 0}
    - target: {fileID: -8679921383154817045, guid: f57338bfb7ae94141bdb806411e69443, type: 3}
      propertyPath: m_LocalRotation.w
      value: 0.7071059
      objectReference: {fileID: 0}
    - target: {fileID: -8679921383154817045, guid: f57338bfb7ae94141bdb806411e69443, type: 3}
      propertyPath: m_LocalRotation.x
      value: -8.6595626e-17
      objectReference: {fileID: 0}
    - target: {fileID: -8679921383154817045, guid: f57338bfb7ae94141bdb806411e69443, type: 3}
      propertyPath: m_LocalRotation.y
      value: 0.7071077
      objectReference: {fileID: 0}
    - target: {fileID: -8679921383154817045, guid: f57338bfb7ae94141bdb806411e69443, type: 3}
      propertyPath: m_LocalRotation.z
      value: 1.3400326e-22
      objectReference: {fileID: 0}
    - target: {fileID: -8679921383154817045, guid: f57338bfb7ae94141bdb806411e69443, type: 3}
      propertyPath: m_LocalEulerAnglesHint.x
      value: 0
      objectReference: {fileID: 0}
    - target: {fileID: -8679921383154817045, guid: f57338bfb7ae94141bdb806411e69443, type: 3}
      propertyPath: m_LocalEulerAnglesHint.y
      value: 90
      objectReference: {fileID: 0}
    - target: {fileID: -8679921383154817045, guid: f57338bfb7ae94141bdb806411e69443, type: 3}
      propertyPath: m_LocalEulerAnglesHint.z
      value: 0
      objectReference: {fileID: 0}
    - target: {fileID: 919132149155446097, guid: f57338bfb7ae94141bdb806411e69443, type: 3}
      propertyPath: m_Name
      value: Farm_Fence_half (22)
      objectReference: {fileID: 0}
    m_RemovedComponents: []
  m_SourcePrefab: {fileID: 100100000, guid: f57338bfb7ae94141bdb806411e69443, type: 3}
--- !u!4 &8033497806934182605 stripped
Transform:
  m_CorrespondingSourceObject: {fileID: -8679921383154817045, guid: f57338bfb7ae94141bdb806411e69443, type: 3}
  m_PrefabInstance: {fileID: 7563248894902824230}
  m_PrefabAsset: {fileID: 0}
